|0000|013|0|10102022|10102022|Rosemar Ramos De Souza Moraes|13375593000112||RJ|79391999|3304904|||A|1|
|0001|0|
|0005|Rosemar Ramos De Souza Moraes|24461840|Estrada da conceição|864|Terreo|Mutugauçu|2132493331||controltec2011@hotmail.com|
|0100|PDVLOPES SISTEMAS|11717236790|4545454|12123058000101|24461840|ESTRADA DA CONVEIÇÃO|864|CASA 5|MUTUAGUAÇU|2132493331|2132493331|PDVLOPESS@GMAIL.COM|3304904|
|0150|25077|BRASBUNKER PARTICIPACOES S/A|1058|04931019000706||79760714|3304904||RUA MANOEL DUARTE|2222||PORTO DO GRADIM|
|0150|25078|AGRA AGROINDUSTRIAL DE ALIMENTOS S/A|1058|24746687000681||86658259|3304144||AV RIO DE JANEIRO|2222|SN|CAMPO ALEGRE|
|0150|25079|SUPER VINHOS DISTRIBUIDORA - GRF|1058|10791934000223||79646938|3306008||RUA ISALTINO SILVEIRA|768|GALPAO 25|CANTAGALO|
|0150|25080|ATACADAO S.A.|1058|75315333016293||86730430|3304904||AV BRASIL|55300||SANTA CRUZ|
|0150|25081|NOBREDO COMERCIO E LOGISTICA LTDA|1058|21074121000158||86804603|3304904||AV DA ABDIAS JOSE DOS SANTOS|8921||RIO DO OURO|
|0150|25082|NAVEMESTRA SERVICOS DE NAVEGACOES LTDA|1058|14781303000365||86740133|3304904||RUA MANOEL DUARTE|2999||PORTO DO GRADIM|
|0150|25083|MARIA AMELIA DOS SANTOS|1058||07806777733||3304904||AV GOUVEIA|345||VILA LAGE|
|0150|25084|BUNGE ALIMENTOS S/A|1058|84046101057977||86766671|3301702||AVN SN 1, LOTE 1 QUADRA E|400||PARQUE DUQUE|
|0150|25085|GUIMARAES FILHOS E CIA LTDA|1058|04885728000107||194494349|2209401||AV. LINO RODRIGUES 0|400||CHIQUE CHIQUE|
|0150|25086|CEREALISTA PEREIRA IMP E EXP LTDA|1058|04883814000172||1021610840060|3110202||RODOVIA BR 120|400||TREVO CAJURI|
|0150|25087|ALIANCA ATACADISTA LTDA|1058|00506346000166||7029222730098|3170206||RUA JOAQUIM PEDRO GONCALVES|200||DISTRITO INDUSTRIAL|
|0150|25088|BARBOSA E CIA LTDA|1058|17077702000508||0560198321644|3105608||RODOVIA MGT 265 KM 60 - ESTRADA DA SERRINHA|200||ZONA RURAL|
|0150|25089|FRIGORIFICO INDUSTRIAL VALE DO PIRANGA SA|1058|00763832000160||5219412210046|3152105||ROD MG 826 KM 02 - PONTE NOVA/ORATORIOS|200||ZONA RURAL|
|0150|25090|CRISTIANO SOARES DE FREITAS - LATICINIOS-ME|1058|16443387000190||0019943150092|3163805||COMUNIDADE DE SEM PEIXES|200||ZONA RURAL|
|0150|25091|TECIDOS E ARMARINHOS MIGUEL BARTOLOMEU S/A|1058|17359233000188||1860057420087|3118601||V MANOEL JACINTO COELHO JR|200||TAPERA|
|0150|25092|COOPERATIVA REGIONAL DE CAFEICULTORES EM GUAXUPE LTDA|1058|20770566009328||2870486367100|3128709||AV VEREADOR NELSON ELIAS|1300|LETRA B DOCA 1-2-3|JAPY|
|0150|25093|Mb 5 - Comercio Importacao e Exportacao Ltda|1058|06698001000219||082310530|3205002||Av. Talma Rodrigues Ribeiro Box 17|5041||Nova Zelandia|
|0150|25094|FRISA FRIGORIFICO RIO DOCE S/A|1058|27497684000135||080086365|3201506||Av Fioravante Rossi|4000||Honorio Fraga|
|0150|25095|APOIO DIST DE ALIMENTOS E EQUIP COM LTDA|1058|32228023000144||083528750|3205002||R NATAL|765||NOVA ZELANDIA|
|0150|25096|DPC DISTRIBUIDOR ATACADISTA S/A|1058|66471517000843||082467293|3203007||ROD BR 262 KM 184|765||TREVO SANTA CRUZ|
|0150|25097|BRF S.A.|1058|01838723041311||79810169|3301702||AVN OL 3|200||PARQUE DUQUE|
|0150|25098|PAPA DOG BRASIL RACAO ANIMAL LTDA|1058|12090769000127||79083976|3301900||RUA ACURCIO TORRES LT 19 QD C|200||OUTEIRO DAS PEDRAS|
|0150|25099|Cafe Tres Coracoes S.A|1058|17467515003386||79216755|3304557||AV. BRASIL|10900||PENHA|
|0150|25100|MASTERMIX DISTRIBUIDORA DE GENEROS ALIME|1058|25532684000101||87201430|3304557||RUA DO FEIJAO|530|LT 5 PAL 23799 QDR BEC|PENHA CIRCULAR|
|0150|25101|INDUSTRIAS GRANFINO S/A|1058|30770184000130||80346093|3303500||RUA OSCAR SOARES|1525||CALIFORNIA|
|0150|25102|LUMADE COMERCIAL E DISTRIBUIDORA EIRELI|1058|32505968000166||80510160|3304003||Rua 17 DE OUTUBRO|196|GALPAO B|CENTRO|
|0150|25103|Rio de Janeiro Refrescos Ltda.|1058|00074569004784||79963496|3304557||Rua Peter Lund|145||Caju|
|0150|25104|REAL 32 ALIMENTOS LTDA|1058|00349870000170||85429760|3304557||AV.BRASIL|19001|PAV 32 BOX 39A 43 E 45|IRAJA|
|0150|25105|DISTRIBUIDORA DE OVOS OCEANICA LTDA|1058|01068395000127||85791648|3303302||RUA GALVAO|148||BARRETO|
|0150|25106|MISTERMIX DIST DE PROD ALIM LTDA|1058|01791701000159||77858105|3304557||AV ALM FRONTIN|231||MARE|
|0150|25107|COMERCIAL LUCHELLE LTDA|1058|02542998000181||86212242|3304557||AV.BRASIL|19001|PAV 42 BOX 44 E 46|IRAJA|
|0150|25108|SEARA ALIMENTOS LTDA|1058|02914460031625||11382274|3301702||R EUSTAQUIO AZEVEDO|19001|PARTE|CHACARA ARCAMPO|
|0150|25109|RONLE S FRUTAS LTDA|1058|03892110000101||77045554|3304557||AV.BRASIL|19001|PAV 31 - BOX 4|IRAJA|
|0150|25110|ALIBEM ALIMENTOS S.A.|1058|03941052004148||79825395|3304144||AV RIO DE JANEIRO|19001|SALA 2|CAMPO ALEGRE|
|0150|25111|SLOOP INDUSTRIA E COMERCIO DE ALIMENTOS|1058|03965524000105||77072608|3305802||ESTRA RIO PRETO|19001||SEBASTIANA|
|0150|25112|SERRA LAGOS DISTRIBUIDORA LTDA|1058|04599068000190||77223657|3300456||RUA CARDOSO MARTINS|285|GALPAO PARTE C|BOA ESPERANCA|
|0150|25113|VASSOURAS IDEAL DE SAO GONCALO LTDA - ME|1058|04718721000192||77270299|3304904||RUA INVERNO|94|LOJA 94|MUTUA|
|0150|25114|TREVO ALIMENTOS|1058|04892455000624||87184218|3304557||R DA CEVADA|93||PENHA CIRCULAR|
|0150|25115|O BRASIL TIPICO DE PONTA A PONTA INDUSTRIA COM.DIST.LTDA|1058|04911702000188||77338527|3304557||ETR DOS BANDEIRANTES|11742|GALPAO PARTE|VARGEM PEQUENA|
|0150|25116|EMPRESA BRASILEIRA DE DISTRIBUICAO LTDA - SAO GONCALO|1058|05402904002100||79513989|3304904||RUA BISPO DOM MAMEDE|77||LARANJAL|
|0150|25117|MOREIRA SANTAR CEREAIS LTDA|1058|05483964000151||77502297|3304557||AV.BRASIL|19001|PAV 42 BOX 14 E 16|IRAJA|
|0150|25118|PLAYVENDER DISTRIBUIDORA DO BRASIL S/A|1058|05762204000183||77581057|3301702||AV. ANA DANTAS, AREA 5 A1 ALAMEDA 5|183||XEREM|
|0150|25119|UNIMARKA DISTRIBUIDORA S/A|1058|05997742001048||78877294|3301009||AV. DOUTOR NILO PECANHA|1516||PARQUE SANTO AMARO|
|0150|25120|INDUSTRIA DE BEBIDAS REFLEXA LTDA|1058|06929454000128||77843833|3304904||RUA CLOVIS BEVILAQUA|285||SANTA CATARINA|
|0150|25121|M. Dias Branco S.A. IndÃºstria e Com de Alimentos|1058|07206816006660||11493785|3304557||RUA CONSELHEIRO GALVÃƒO|418||TURIAÃ‡U|
|0150|25122|NOVA PROSPER DISTRIB. DE ALIM. LTDA|1058|07578865000189||77974687|3301702||RUA OITIS|418||CHACARAS RIO-PETROPOLIS|
|0150|25123|GALUMA COMERCIO ATACADISTA LTDA.|1058|08602155000100||78240598|3301702||AV. MASCARENHAS DE MORAIS|1692|PARTE|CHAC RIO PETROP|
|0150|25124|CCN - COM. CENTRO NORTE ALIMENTOS LTDA|1058|08638790000147||78258020|3303401||AVENIDA NOSSA SENHORA DO AMPARO|1692||PRADO|
|0150|25125|AM Distribuidora de Materiais de Limpeza 2007 EIRELI|1058|08900058000101||78314370|3304904||Travessa Nicomedes Pitanga|111|Fundos|Covanca|
|0150|25126|M DO BRASIL IMPORTACAO E COMERCIO DE ARTIGOS DE BAZAR EIRELI|1058|09483185000107||78537647|3304557||ESTRADA DE GUAXINDIBA  S.N|111|PARTE|GUAXINDIBA|
|0150|25127|NOBREZA COMERCIO DE PRODUTOS ALIMENTICIOS LTDA|1058|10682167000133||78705108|3304904||ROD AMARAL PEIXOTO KM 95 BOX 10 PAV: K|111|KM 95 AREA DE EXP PAVLH Q CE|COLUBANDE|
|0150|25128|NOVA CASBRI COMERCIAL LTDA|1058|10744827000163||78733683|3304557||AV BRASIL|19001|PAVLH 24 BOX 41, 43 E 44 UNIDADE 1, CEASA|IRAJA|
|0150|25129|MEGA RIO LOGISTICA E DISTRIB DE ALIMENTOS LTDA|1058|10905655000162||78777834|3300456||RUA CARDOSO MARTINS|285|GALPAO PARTE B|BOA ESPERANCA|
|0150|25130|DISTRI MARKET COMERCIAL LTDA|1058|11041774000187||78839716|3301702||RUA ARAUJO GUIMARAES|249||CHAC.RIO PETROPOLIS|
|0150|25131|COMERCIAL DOIS IRMAOS 2009 EMB. LTDA ME|1058|11245022000138||78900180|3304557||AV.BRASIL|19001|19001 PAV 42 LAT 50|IRAJA|
|0150|25132|MINAS RIO COMERCIO E DISTRIBUIDORA LTDA|1058|11726369000283||79175188|3305208||ROD AMARAL PEIXOTO,S/N KM 111 LOTE 53 A|19001||SAO MATEUS|
|0150|25133|LOURO VERDE COM. DE PROD. NATURAIS LTDA|1058|11818928000102||79047007|3304557||RUA EMILIO ZALUAR|107||RAMOS|
|0150|25134|IRM. PEREIRA DO CEASA DE IRAJA COM. VAR|1058|13057291000104||79276529|3304557||AV.BRASIL|19001|PAV 31 BOX 01|IRAJA|
|0150|25135|LACTALIS DO BRASIL Rio Bonito|1058|14049467004209||87259293|3304300||R Arthur Nunes Quintanilha - Blocos 3 e 17|99||Rio do Ouro|
|0150|25136|MIX CERTO DISTRIBUIDORA DE COSMET. ALIMENTOS E LIMPEZA LTDA|1058|14741172000120||79563021|3301702||RUA DEZESSEIS|200|AREA D1-B MODULO H|Mantiquira|
|0150|25137|ITAMBE ALIMENTOS LTDA.|1058|16849231000295||79763942|3304557||RUA Herculano Pinheiro|363|SL1 GP1 11|PAVUNA|
|0150|25138|FRIGORIFICO ALTO DA SERRA LTDA|1058|17058443000136||11782639|3301900||RUA E|363|QUADRA:01;LOTE:94|QUISSAMA|
|0150|25139|4G ALIMENTOS LTDA|1058|20637022000174||87074528|3303005||RUA - OSWALDO BARROS BOTELHO|60|LOTE 4|BAIRRO - POLO INDUSTRIAL 2|
|0150|25140|TOP GRILL COM ATACA DE CARNES E DERIVADOS EIRELI|1058|20963304000161||11399754|3301702||AV: BARAO DE JAPURA|60|SN -QUADRA 15|JARDIM PRIMAVERA|
|0150|25141|BOLEVE ALIMENTOS LTDA|1058|26453502000161||87271595|3304904||RUA PRADO LOPES|255|LOTE 16 QUADRA22|JARDIM CATARINA|
|0150|25142|Industria e Comercio de Produtos Alimenticios  Veronica Ltda|1058|28314755000180||80885261|3301207||RUA CONEGO GONCALVES|216||CENTRO|
|0150|25143|FRUTAS E LEGUMES SANTO INACIO LTDA|1058|28556199000158||80131534|3304557||RUA CAPITAO JUVENAL FIGUEIREDO|1406|PAVILHAO A BOX 07 A 16|COLUBANDE|
|0150|25144|CIDIX INDUSTRIA E COMERCIO DE PAES EIRELI|1058|28801060000122||87447219|3304557||AV CHRISOSTOMO PIMENTEL OLIVEIRA|1351||PAVUNA|
|0150|25145|ARENA 1 COMERCIO DE ALIMENTOS LTDA - EPP|1058|28985972000100||87468755|3304557||RUA DO ARROZ|90|425|PENHA CIRCULAR|
|0150|25146|DISTR. NITEROI DE PRODUTOS ALIM. LTDA.|1058|29541935000248||86004003|3304904||RUA HONORIO FERREIRA|159||COLUBANDE|
|0150|25147|FAMILIA CURTY EIRELI|1058|29593329000195||11068405|3304904||R. Comandante Alvarenga|123|PARTE|Gradim|
|0150|25148|AR INACIO DISTRIBUIDORA DE ALIMENTOS|1058|30994961000120||11196888|3304904||RUA MARLENE PINHEIRO|40|CS 1 LT 9 QD 2|MUTUA|
|0150|25149|PEPSICO DO BRASIL LTDA|1058|31565104012930||81897034|3304904||EST SAO PEDRO|555||PACHECO|
|0150|25150|J J DE STA MARIA MADALENA DIST DE FRUTAS LTDA - ME|1058|31581705000173||83420456|3304904||R DINIZ RAFET|183|LJ|COELHO|
|0150|25151|COPAPA COMPANHIA PADUANA DE PAPEIS|1058|31590862000145||81126402|3304706||AV JOSE HOMEM DA COS Nr.|635|693|SAO LUIZ|
|0150|25152|GARCIA DISTRIBUIDORA E ATACADISTA LTDA|1058|31668585000146||80838166|3305406||Rod BR 116|635|KM 1|JAMAPARA|
|0150|25153|INDUSTRIA E COM DE BEB LINCOLN LTDA-EPP|1058|31918501000185||80265719|3305109||RUA GOIAS|832|GALPAO|PRQ JOSE BONIFACIO|
|0150|25154|MA COMERCIAL DE ALIMENTOS EIRELI|1058|32110907000108||11693920|3304557||ESTRADA DO PORTO VELHO|65||CORDOVIL|
|0150|25155|T P RANGEL FERRAZ PADARIA EIRELI|1058|32136880000114||11309771|3301009||RUA MARIO DE ABREU, S/N|65||VILA NOVA DE CAMPOS|
|0150|25156|CPN ALIMENTOS LTDA|1058|33227596000116||81865868|3305109||Rua Antonio|350|CJ. 52|Coelho da Rocha|
|0150|25157|Trentino Comercio Trentino Eireli|1058|34213938000705||12326750|3301702||Avenida Mascarenhas de Morais|110||Chacaras Rio-Petropolis|
|0150|25158|PRO COATER IND. E COM. DE PAPEIS EIRELI|1058|34298758000170||11497470|3304904||Estrada das Piabas|125|PARTE A|Varzea das Mocas|
|0150|25159|ONIX DISTRIBUIDORA DE ALIMENTOS LTDA|1058|38047680000171||11782400|3304904||R ARTUR NAPOLEAO LOTE 517 QUADRA8|125||BOM RETIRO|
|0150|25160|ATLAS RIO DISTRIBUIDORA LTDA|1058|42299566000106||12114451|3303500||R LUIS SILVA|236||COMENDADOR SOARES|
|0150|25161|CRBS SA - CDD Niteroi|1058|56228356003076||79543900|3304904||Av. Santa Luzia|591||Santa Luzia|
|0150|25162|Nestle Brasil Ltda|1058|60409075054244||11733778|3301900||ROD MARIO COVASFAZ SAO JOAQ|591|SL 101 TER|Tres Pontes|
|0150|25163|LUA NOVA INDUSTRIA E COMERCIO DE PRODUTOS ALIMENTICIOS LTDA|1058|62461140002915||85762990|3301900||RUA NERY AMOLINARIO|1550||BELA VISTA|
|0150|25164|SENTINELLI COM DE ALIM LTDA|1058|73351140000188||84811548|3301900||R 01|1550||MANILHA|
|0150|25165|CERVEJARIA PETROPOLIS S/A|1058|73410326006363||79896853|3304904||AV LUCIO TOME FETEIRA|1122||VILA LAGE|
|0150|25166|COOPERATIVA CENTRAL AURORA ALIMENTOS|1058|83310441000974||81943583|3304557||RUA MARIA FERNANDA JORGE|121||PAVUNA|
|0150|25167|PAMPLONA ALIMENTOS S/A|1058|85782878001070||86629488|3304300||R ARTHUR ANTUNES QUINTANILHA|99|BLOCO N 02|BAIRRO RIO DO OURO|
|0150|25168|Moinhos Cruzeiro do Sul S/A|1058|88301155002071||84551813|3304557||RUA BENEDITO OTTONI|24||SÃƒO CRISTÃ“VÃƒO|
|0150|25169|EMBALASHOW EMBALAGENS LTDA ME|1058|97548222000185||79428094|3304557||AV.BRASIL|19001|19001 PAV 42 LAT 50|IRAJA|
|0150|25170|MOINHO GLOBO ALIMENTOS S.A.|1058|81442014000167||6030027505|4126504||RUA SENADOR SOUZA NAVES|1321||CENTRO|
|0150|25171|MRL COM DE PRODUTOS ALIMENTICIOS LTDA|1058|82437641000172||9068825153|4106902||RUA DO ACO,|81||CIC|
|0150|25172|COOPERATIVA ARROZEIRA PALMARES LTDA|1058|91877506000139||2400000284|4313656||LARGO ALIPIO OSORIO AZEVEDO|10||PORTO|
|0150|25173|ALIANCA ATACADISTA LTDA|1058|00506346000328||103109811|5205109||RUA 413  QUADRA 22  LOTE 18|60||LOTEAM. PONTAL NORTE|
|0190|%|Descricao %|
|0190|BD|Descricao BD|
|0190|CAR|Descricao CAR|
|0190|CJ|Descricao CJ|
|0190|CT|Descricao CT|
|0190|CT1|Descricao CT1|
|0190|CTO|Descricao CTO|
|0190|CX|Descricao CX|
|0190|CX1|Descricao CX1|
|0190|CX10|Descricao CX10|
|0190|CX12|Descricao CX12|
|0190|CX18|Descricao CX18|
|0190|CX20|Descricao CX20|
|0190|CX24|Descricao CX24|
|0190|CX28|Descricao CX28|
|0190|CX30|Descricao CX30|
|0190|CX32|Descricao CX32|
|0190|CX4|Descricao CX4|
|0190|CX54|Descricao CX54|
|0190|CX60|Descricao CX60|
|0190|CX7|Descricao CX7|
|0190|CX8|Descricao CX8|
|0190|CXA|Descricao CXA|
|0190|CXA1|Descricao CXA1|
|0190|CXT1|Descricao CXT1|
|0190|DISP|Descricao DISP|
|0190|DP|Descricao DP|
|0190|DP1|Descricao DP1|
|0190|DP10|Descricao DP10|
|0190|DPL|Descricao DPL|
|0190|DZ|Descricao DZ|
|0190|DZ12|Descricao DZ12|
|0190|Dz|Descricao Dz|
|0190|EMB3|Descricao EMB3|
|0190|EN|Descricao EN|
|0190|ES|Descricao ES|
|0190|EXB|Descricao EXB|
|0190|FD|Descricao FD|
|0190|FD10|Descricao FD10|
|0190|FDO|Descricao FDO|
|0190|FDO1|Descricao FDO1|
|0190|FR|Descricao FR|
|0190|GF|Descricao GF|
|0190|GR|Descricao GR|
|0190|KG|Descricao KG|
|0190|KT|Descricao KT|
|0190|LT|Descricao LT|
|0190|MEI|Descricao MEI|
|0190|MIL|Descricao MIL|
|0190|PAR|Descricao PAR|
|0190|PC|Descricao PC|
|0200|1|1 CX. CHEETOS LUA 40GX48X1 DTS|7892840819668||UN|00|19041000||00||18,00||
|0220|UN|1,000000|
|0200|1|1 CX. CHEETOS MIX 41GX48X1 DTS|7892840819644||UN|00|19041000||00||18,00||
|0220|UN|1,000000|
|0200|1|1 CX. CHEETOS ONDA 45GX48X1 DTS|7892840819682||UN|00|19041000||00||18,00||
|0220|UN|1,000000|
|0200|1|1 CX. DORITOS NACHO 53GX40X1 DTS|7892840819576||UN|00|19059090||00||18,00||
|0220|UN|1,000000|
|0200|1|1 CX. FANDANGOS ESPIGA QUEIJO 37GX48|7892840817534||UN|00|19041000||00||18,00||
|0220|UN|1,000000|
|0200|1|1 CX. FANDANGOS PRESUN 37GX48 LD HTL|7892840816209||UN|00|19041000||00||18,00||
|0220|UN|1,000000|
|0200|1|1 CX. FANDANGOS QUEIJO 37GX48 LD|7892840816216||UN|00|19041000||00||18,00||
|0220|UN|1,000000|
|0200|1|1 CX. NA MESA EXTRA FINA 100GX30|7892840818302||UN|00|20052000||00||18,00||
|0220|UN|1,000000|
|0200|1|1 CX. NA MESA TRAD 110GX30|7892840818319||UN|00|20052000||00||18,00||
|0220|UN|1,000000|
|0200|1|1 CX. NA MESA TRAD 70GX24|7892840814830||UN|00|20052000||00||18,00||
|0220|UN|1,000000|
|0200|1|1 CX. RUFFLES SAL 40GX48X1 DTS|7892840819750||UN|00|20052000||00||18,00||
|0220|UN|1,000000|
|0200|1|1 CX. TODDYNHO 9X3X200|7894321722016||UN|00|22029900||00||18,00||
|0220|UN|1,000000|
|0200|1|10 CX. TODDYNHO 9X3X200|7894321722016||UN|00|22029900||00||18,00||
|0220|UN|1,000000|
|0200|1|2 CX. FANDANGOS PRESUN 37GX48 LD HTL|7892840816209||UN|00|19041000||00||18,00||
|0220|UN|1,000000|
|0200|1|2 CX. NA MESA EXTRA FINA 100GX30|7892840818302||UN|00|20052000||00||18,00||
|0220|UN|1,000000|
|0200|1|2 CX. NA MESA TRAD 110GX30|7892840818319||UN|00|20052000||00||18,00||
|0220|UN|1,000000|
|0200|1|4 CX. NA MESA TRAD 70GX24|7892840814830||UN|00|20052000||00||18,00||
|0220|UN|1,000000|
|0200|1|5 CX. NA MESA TRAD 70GX24|7892840814830||UN|00|20052000||00||18,00||
|0220|UN|1,000000|
|0200|1|ABACAXI UN|SEM GTIN||UN|00|08043000||00||0,00||
|0220|UN|1,000000|
|0200|1|ABOBORA KG|SEM GTIN||KG|00|07099300||00||0,00||
|0220|KG|1,000000|
|0200|1|ABOBRINHA KG|SEM GTIN||KG|00|07099300||00||0,00||
|0220|KG|1,000000|
|0200|1|ABRIDOR DE GARR.MULTIUSO|SEM GTIN||UN|00|82055100||00||18,00||
|0220|UN|1,000000|
|0200|1|ABRIDOR DE LATAS E GARRAFAS INOX 5593|SEM GTIN||UN|00|82055100||00||0,00||
|0220|UN|1,000000|
|0200|1|ABS ALWAYS ANAT.S/ABAS 8UN|SEM GTIN||UN|00|96190000||00||0,00||
|0220|UN|1,000000|
|0200|1|ABS ALWAYS C/ABAS 8UND|SEM GTIN||UN|00|96190000||00||0,00||
|0220|UN|1,000000|
|0200|1|ABS ALWAYS SECA C/ABAS 8UN|SEM GTIN||UN|00|96190000||00||0,00||
|0220|UN|1,000000|
|0200|1|ABS C/ABAS IG NOR 8UN|SEM GTIN||UN|00|96190000||00||0,00||
|0220|UN|1,000000|
|0200|1|ABS HIG ALWAYS NOT SC C/ABA 8UN|17506339394532||CX|00|96190000||00||18,00||
|0220|CX|1,000000|
|0200|1|ABS INTIMUS T.P S/ABAS 8UN|SEM GTIN||UN|00|96190000||00||0,00||
|0220|UN|1,000000|
|0200|1|ABS SEMPRE LIVRE S/ABAS ESP. 8UN|SEM GTIN||UN|00|96190000||00||0,00||
|0220|UN|1,000000|
|0200|1|ABS. INTERNO INTIMUS SUPER|SEM GTIN||UN|00|96190000||00||0,00||
|0220|UN|1,000000|
|0200|1|ABS.ALWAYS S.PROT.LV 10 PG 8|SEM GTIN||UN|00|96190000||00||0,00||
|0220|UN|1,000000|
|0200|1|ABS.DIANA SUAVE LEV16 PG14|SEM GTIN||UN|00|96190000||00||0,00||
|0220|UN|1,000000|
|0200|1|ABS.INTIMUS T.P S/A C/8|SEM GTIN||UN|00|96190000||00||0,00||
|0220|UN|1,000000|
|0200|1|ABSORV INTERNO OB 10UN|SEM GTIN||UN|00|96190000||00||0,00||
|0220|UN|1,000000|
|0200|1|ABSORV.DIANA NOTURNO C/8|SEM GTIN||UN|00|96190000||00||0,00||
|0220|UN|1,000000|
|0200|1|ACAFRAO 10G|7898079292463||UN|00|09102000||00||18,00||
|0220|UN|1,000000|
|0200|1|ACAFRAO ITALIANINHO 10G|SEM GTIN||UN|00|09102000||00||18,00||
|0220|UN|1,000000|
|0200|1|ACE 51 BALADA 275ML|SEM GTIN||UN|00|22086000||00||37,00||
|0220|UN|1,000000|
|0200|1|ACE 51 MARACUJA 275ML|SEM GTIN||UN|00|22086000||00||37,00||
|0220|UN|1,000000|
|0200|1|ACEM KG|SEM GTIN||KG|00|02013000||00||0,00||
|0220|KG|1,000000|
|0200|1|ACEM RESF|7898184830024||KG|00|02013000||00||12,00||
|0220|KG|1,000000|
|0200|1|ACENDEDOR DE FOGAO|SEM GTIN||UN|00|96138000||00||18,00||
|0220|UN|1,000000|
|0200|1|ACENDEDOR DE FOGAO CLINK|SEM GTIN||UN|00|96138000||00||18,00||
|0220|UN|1,000000|
|0200|1|ACETONA AVANTE 100ML|SEM GTIN||UN|00|33043000||00||0,00||
|0220|UN|1,000000|
|0200|1|ACETONA FARMAX 100ML|SEM GTIN||UN|00|33043000||00||0,00||
|0220|UN|1,000000|
|0200|1|ACETONA FARMAX BLUE 100ML|SEM GTIN||UN|00|33043000||00||0,00||
|0220|UN|1,000000|
|0200|1|ACH-PO APTI SH 20/400|7896327501060||CX|00|18069000||00||18,00||
|0220|CX|1,000000|
|0200|1|ACH-PO TODDY REFORCADO 24/200|7894321711171||CX|00|18069000||00||18,00||
|0220|CX|1,000000|
|0200|1|ACHOC NESCAU 370GR 2.0 ACTIGEN E (30)|7891000352175||UN|00|18069000||00||18,00||
|0220|UN|1,000000|
|0200|1|ACHOC.PO TODDY ORIGINAL 370GR POTE|7892840819507||POT|00|18069000||00||12,00||
|0220|POT|1,000000|
|0200|1|ACHOCOLATADO APTI 400G|SEM GTIN||UN|00|18069000||00||0,00||
|0220|UN|1,000000|
|0200|1|ACHOCOLATADO UHT REGINA 27X200ML|7896010401110||CX|00|22029900||00||18,00||
|0220|CX|1,000000|
|0200|1|ACUCAR GUARANI 1KG|7896109801005||UN|00|17019900||00||18,00||
|0220|UN|1,000000|
|0200|1|ACUCAR GUARANI 1KG|SEM GTIN||UN|00|17019900||00||18,00||
|0220|UN|1,000000|
|0200|1|ACUCAR REFINADO|SEM GTIN||KG|00|17019900||00||0,00||
|0220|KG|1,000000|
|0200|1|ACUCAR REFINADO|SEM GTIN||KG|00|17019900||00||18,00||
|0220|KG|1,000000|
|0200|1|ACUCAR REFINADO CARAVELAS|7896894900051||FDO1|00|17019900||00||18,00||
|0220|FDO1|1,000000|
|0200|1|ACUCAR UNIAO 1KG|SEM GTIN||UN|00|17019900||00||18,00||
|0220|UN|1,000000|
|0200|1|ADES LARANJA TP 200ML CX 06UN|17894900087052||CX|00|22029900||00||0,00||
|0220|CX|1,000000|
|0200|1|ADES MACA TP 200ML CX 06UN|17894900087076||CX|00|22029900||00||0,00||
|0220|CX|1,000000|
|0200|1|ADES UVA TP 200ML CX 06UN|17894900087137||CX|00|22029900||00||0,00||
|0220|CX|1,000000|
|0200|1|ADOC ZERO CAL 100ML|SEM GTIN||UN|00|21069090||00||18,00||
|0220|UN|1,000000|
|0200|1|ADOCYL 100ML|SEM GTIN||UN|00|21069090||00||18,00||
|0220|UN|1,000000|
|0200|1|AG CANI DA ROCA 500ML|SEM GTIN||UN|00|22084000||00||17,00||
|0220|UN|1,000000|
|0200|1|AGUA CRIST C/GAS 1,5L|SEM GTIN||UN|00|22021000||00||18,00||
|0220|UN|1,000000|
|0200|1|AGUA CRYSTAL S/GAS 500ML|SEM GTIN||UN|00|22011000||00||18,00||
|0220|UN|1,000000|
|0200|1|AGUA DE COCO C.JORDAO 1L|SEM GTIN||UN|00|20098990||00||0,00||
|0220|UN|1,000000|
|0200|1|AGUA DE COCO QUADRADO 200ML|SEM GTIN||UN|00|20098990||00||0,00||
|0220|UN|1,000000|
|0200|1|AGUA MIN.MONTANHA COPO 200ML|SEM GTIN||UN|00|22011000||00||18,00||
|0220|UN|1,000000|
|0200|1|AGUA MINERAL 20LT|SEM GTIN||UN|00|22011000||00||18,00||
|0220|UN|1,000000|
|0200|1|AGUA MINERAL CRISTAL C/GAS 500ML|SEM GTIN||UN|00|22011000||00||18,00||
|0220|UN|1,000000|
|0200|1|AGUA MINERAL S/GAS UAI 1,5LT|SEM GTIN||UN|00|22011000||00||18,00||
|0220|UN|1,000000|
|0200|1|AGUA OXIG. MARCIA V20 70ML|SEM GTIN||UN|00|28470000||00||0,00||
|0220|UN|1,000000|
|0200|1|AGUA OXIG. MARCIA V40 70ML|SEM GTIN||UN|00|28470000||00||0,00||
|0220|UN|1,000000|
|0200|1|AGUA OXIGENADA CREMOSA MARCIA V40 70ML|SEM GTIN||UN|00|33059000||00||0,00||
|0220|UN|1,000000|
|0200|1|AGUA SANIT SUPER G 1L|SEM GTIN||UN|00|28289011||00||0,00||
|0220|UN|1,000000|
|0200|1|AGUA SANIT SUPER GLOBO 2LT|SEM GTIN||UN|00|28289011||00||0,00||
|0220|UN|1,000000|
|0200|1|AGUA SANIT VITRAL ORIG. 1L|SEM GTIN||UN|00|28289011||00||0,00||
|0220|UN|1,000000|
|0200|1|AGUA SANIT. SUPER GLOBO 1LT|7898915457018||UN|00|28289011||00||0,00||
|0220|UN|1,000000|
|0200|1|AGUA SANITAR QBOA 2L|SEM GTIN||UN|00|28289011||00||0,00||
|0220|UN|1,000000|
|0200|1|AGUA SANITARIA CLORAL 1L|7896013142065||UN|00|28289011||00||0,00||
|0220|UN|1,000000|
|0200|1|AGUA SANITARIA CLORAL 1L|SEM GTIN||UN|00|28289011||00||0,00||
|0220|UN|1,000000|
|0200|1|AGUA SANITARIA VITRAL 06 X 2L|7896085200267||CX|00|28289011||00||0,00||
|0220|CX|1,000000|
|0200|1|AGUA SANITARIA VITRAL 12X1L|7896085200250||CX|00|28289011||00||0,00||
|0220|CX|1,000000|
|0200|1|AGUA SANITARIA VITRAL 3X5 L|7896085200120||CX|00|28289011||00||0,00||
|0220|CX|1,000000|
|0200|1|AGUA TONICA ANTARCTICA 1LT|SEM GTIN||UN|00|22021000||00||0,00||
|0220|UN|1,000000|
|0200|1|AGUARDENTE DE CANA PADUANA 470ML|SEM GTIN||UN|00|22084000||00||18,00||
|0220|UN|1,000000|
|0200|1|AGUARRAS AMALIA 500ML|SEM GTIN||UN|00|27101230||00||18,00||
|0220|UN|1,000000|
|0200|1|AGULHEIRO CESTA C.12|6926954710090||Un|00|73199000||00||0,00||
|0220|Un|1,000000|
|0200|1|AIPIM KG|SEM GTIN||KG|00|07141000||00||0,00||
|0220|KG|1,000000|
|0200|1|AJI SAL 250GR CR 10X250GR QTD. 2.00 CR|7891132081011||UN|00|21039021||00||18,00||
|0220|UN|1,000000|
|0200|1|AJI SAL CHURRASCO 500GR CX 24X500GR QTD. 1.00 CX|7891132080038||UN|00|21039021||00||18,00||
|0220|UN|1,000000|
|0200|1|AJISAL AJIN 250G|SEM GTIN||UN|00|29224220||00||18,00||
|0220|UN|1,000000|
|0200|1|ALCATRA C MAMINHA RESF BOVINO VACUO CX 20 A 28KG|SEM GTIN||KG|00|02013000||00||12,00||
|0220|KG|1,000000|
|0200|1|ALCATRA KG|SEM GTIN||KG|00|02013000||00||0,00||
|0220|KG|1,000000|
|0200|1|ALCATRA PECA PROMC|SEM GTIN||KG|00|07101000||00||0,00||
|0220|KG|1,000000|
|0200|1|ALCOOL FLOPS 92 1LT|17898288821130||CX|00|22071090||00||12,00||
|0220|CX|1,000000|
|0200|1|ALCOOL FLOPS 92 500ML|17898288820027||CX|00|22071090||00||12,00||
|0220|CX|1,000000|
|0200|1|ALCOOL GEL 70% HIG.MAOS 500ML|SEM GTIN||UN|00|38089429||00||18,00||
|0220|UN|1,000000|
|0200|1|ALCOOL GEL SOL 70 500G|7896581801036||UN|00|33074900||00||18,00||
|0220|UN|1,000000|
|0200|1|ALCOOL PRING 1L|SEM GTIN||UN|00|22072019||00||0,00||
|0220|UN|1,000000|
|0200|1|ALCOOL SOL 70 1L|SEM GTIN||UN|00|22072019||00||0,00||
|0220|UN|1,000000|
|0200|1|ALCOOL SOL 70 GRAUS 12X500ML|7896581800794||CXA|00|38089919||00||12,00||
|0220|CXA|1,000000|
|0200|1|ALECRIM 05G|7898079293569||UN|00|12119090||00||18,00||
|0220|UN|1,000000|
|0200|1|ALFACE LISA/CRESPA UN|SEM GTIN||UN|00|07051900||00||0,00||
|0220|UN|1,000000|
|0200|1|ALGOD HIDR APOLO 25G|SEM GTIN||UN|00|30051090||00||0,00||
|0220|UN|1,000000|
|0200|1|ALGOD HIDR APOLO 50G|SEM GTIN||UN|00|30051090||00||0,00||
|0220|UN|1,000000|
|0200|1|ALHO|SEM GTIN||KG|00|07032090||00||0,00||
|0220|KG|1,000000|
|0200|1|ALHO|SEM GTIN||KG|00|07032090||00||18,00||
|0220|KG|1,000000|
|0200|1|ALHO ARGENTINO ROXO 5 2 CX 10KG|SEM GTIN||CX|00|07032090||00||18,00||
|0220|CX|1,000000|
|0200|1|ALHO DEBULHADO KG|SEM GTIN||KG|00|07032090||00||18,00||
|0220|KG|1,000000|
|0200|1|ALHO NACIONAL 9,9KG|SEM GTIN||CX|00|07032090||00||18,00||
|0220|CX|1,000000|
|0200|1|ALHO NACIONAL ROXO 5 CX 10KG|SEM GTIN||CX|00|07032090||00||18,00||
|0220|CX|1,000000|
|0200|1|ALHO ROXO KG|SEM GTIN||KG|00|07032090||00||18,00||
|0220|KG|1,000000|
|0200|1|ALPINO Bebida Garrafa Plas 4(6x280ml) BR|7891000067048||UNI|00|22029900||00||18,00||
|0220|UNI|1,000000|
|0200|1|ALPINO Cookie Gotas Choc 52x60g BR|7891000350119||UNI|00|19053100||00||18,00||
|0220|UNI|1,000000|
|0200|1|ALUM.PAPEIRO N 16 1000ML 080|SEM GTIN||UN|00|76151000||00||18,00||
|0220|UN|1,000000|
|0200|1|AMAC CONF CONC 500ML P CUIDADO|SEM GTIN||UN|00|38099190||00||0,00||
|0220|UN|1,000000|
|0200|1|AMAC DOWNY BRISA 500ML|SEM GTIN||UN|00|38099190||00||0,00||
|0220|UN|1,000000|
|0200|1|AMAC ROUPA DOWNY 500ML|SEM GTIN||UN|00|38099190||00||0,00||
|0220|UN|1,000000|
|0200|1|AMAC TERNURA YPE 2L|SEM GTIN||UN|00|38099190||00||0,00||
|0220|UN|1,000000|
|0200|1|AMACIANTE DIL MINUANO 2L CLASSICO|17897664150017||CX|00|38099190||00||18,00||
|0220|CX|1,000000|
|0200|1|AMACIANTE DIL YPE 500ML ACONCH.|SEM GTIN||UN|00|38099190||00||0,00||
|0220|UN|1,000000|
|0200|1|AMACIANTE DIL YPE 500ml ACONCHEGO|57896098900401||CX|00|38099190||00||18,00||
|0220|CX|1,000000|
|0200|1|AMACIANTE MINUANO 500ML|SEM GTIN||UN|00|38099190||00||0,00||
|0220|UN|1,000000|
|0200|1|AMASSAD BAT ALUM VISION|SEM GTIN||UN|00|82055100||00||18,00||
|0220|UN|1,000000|
|0200|1|AMASSADOR DE BATATA 10009/5182|SEM GTIN||UN|00|76151000||00||18,00||
|0220|UN|1,000000|
|0200|1|AMEDOIM JAPONES C/ CASCA 145G|SEM GTIN||UN|00|20081100||00||0,00||
|0220|UN|1,000000|
|0200|1|AMEIXA SECA KG|SEM GTIN||KG|00|08132010||00||18,00||
|0220|KG|1,000000|
|0200|1|AMEIXA SECA TOZZI 180G|SEM GTIN||UN|00|08132010||00||18,00||
|0220|UN|1,000000|
|0200|1|AMENDOIM BRASIL 40X70G|7896261401181||UNID|00|20081100||00||18,00||
|0220|UNID|1,000000|
|0200|1|AMENDOIM ELMA CHIPS 65G|SEM GTIN||UN|00|20081100||00||0,00||
|0220|UN|1,000000|
|0200|1|AMENDOIM JAPONES 145GX16|7892840814724||UN|00|20081100||00||18,00||
|0220|UN|1,000000|
|0200|1|AMENDOIM JAPONES AGTAL 70G|SEM GTIN||UN|00|20081100||00||0,00||
|0220|UN|1,000000|
|0200|1|AMENDOIM TOR. E MOIDO C. PEREIRA - 10 X 500 G -IND|17898084090532||FD|00|20081100||00||12,00||
|0220|FD|1,000000|
|0200|1|AMENDOIM TOR. EM GRAO C. PEREIRA - 10 X 500 G -IND|17898084090525||FD|00|20081100||00||12,00||
|0220|FD|1,000000|
|0200|1|AMOEBA ORIGINAL 110G|SEM GTIN||UN|00|95030099||00||18,00||
|0220|UN|1,000000|
|0200|1|ANTARCTICA PILSEN GFA VD 1L COM TTC|7891991009737||Dz|00|22030000||00||18,00||
|0220|Dz|1,000000|
|0200|1|ANTARCTICA PILSEN GFA VD 300ML CX C/23|7891991011655||cx|00|22030000||00||18,00||
|0220|cx|1,000000|
|0200|1|ANTARCTICA PILSEN LT 473ML SH C/12|SEM GTIN||PC|00|22030000||00||0,00||
|0220|PC|1,000000|
|0200|1|ANTARCTICA PILSEN LT 473ML SH C/12 NPAL|7891991009171||cx|00|22030000||00||18,00||
|0220|cx|1,000000|
|0200|1|APAR BARB PROBAK II|SEM GTIN||UN|00|82121020||00||0,00||
|0220|UN|1,000000|
|0200|1|APAR PREST ULTRAGRIP II UN|SEM GTIN||UN|00|82121020||00||0,00||
|0220|UN|1,000000|
|0200|1|APAR. PRESTOBARBA U.GRIP 12X2 GTS2PB3|7500435154772||CAR|00|82121020||00||12,00||
|0220|CAR|1,000000|
|0200|1|APRECIARE GREGO MOR/100G|SEM GTIN||UN|00|04032000||00||18,00||
|0220|UN|1,000000|
|0200|1|AREIA HIGI.CARECAT TRADICIONAL FD.6X4KG FD 001|SEM GTIN||FD|00|25084090||00||18,00||
|0220|FD|1,000000|
|0200|1|AREIA P/GATOS CARE CAT 4KG|SEM GTIN||UN|00|25059000||00||18,00||
|0220|UN|1,000000|
|0200|1|AROM ART BAU ITA 30ML|SEM GTIN||UN|00|33021000||00||18,00||
|0220|UN|1,000000|
|0200|1|ARROZ BRANCO|SEM GTIN||KG|00|10061092||00||0,00||
|0220|KG|1,000000|
|0200|1|ARROZ BRANCO|SEM GTIN||KG|00|10063021||00||0,00||
|0220|KG|1,000000|
|0200|1|ARROZ PALM PARBO INT 1KG Lote: RS001837 6U 54023 LT222221i Validade: 11/04/2023|7897066791316||FD|00|10063011||00||12,00||
|0220|FD|1,000000|
|0200|1|ARROZ PALMARES INTEG.1KG|SEM GTIN||UN|00|10062010||00||0,00||
|0220|UN|1,000000|
|0200|1|ARROZ PALMARES TP1 5KG|SEM GTIN||UN|00|10063021||00||0,00||
|0220|UN|1,000000|
|0200|1|ARROZ T1 EMB. 5KG LF PARBOILIZADO Lote: RS 001837 6U 54024 LT222221 Validade: 11/04/2023|7897066791156||FD|00|10063011||00||12,00||
|0220|FD|1,000000|
|0200|1|ARROZ T1 EMB.5KG LF PARB.PALMARES|SEM GTIN||UN|00|10063011||00||0,00||
|0220|UN|1,000000|
|0200|1|ARROZ TIO TULIO|SEM GTIN||UN|00|10063021||00||0,00||
|0220|UN|1,000000|
|0200|1|ARROZ TIO TULIO TP1 5KG|SEM GTIN||UN|00|10063021||00||0,00||
|0220|UN|1,000000|
|0200|1|ARROZ TIO TULIO TP1 KG|7896318600239||UN|00|10063021||00||0,00||
|0220|UN|1,000000|
|0200|1|ARROZ TIO TULIO TP1 KG|SEM GTIN||UN|00|10063021||00||0,00||
|0220|UN|1,000000|
|0200|1|ARROZ TIPO 1 EMB 5KG(LF) Lote: RS001837 6U 53673 LT221221 P Validade: 09/08/2023|7897066791057||FD|00|10063021||00||12,00||
|0220|FD|1,000000|
|0200|1|ARROZ TIPO 1 TROPEIRO - 1KG Lote: RS 001837 6U 52007 LT210221T Validade: 29/07/2023|7897066791514||FD|00|10063021||00||12,00||
|0220|FD|1,000000|
|0200|1|ARROZ TIPO 1 TROPEIRO - 5KG Lote: RS 001837 6U 52007 LT210221T Validade: 29/07/2023|7897066791552||FD|00|10063021||00||12,00||
|0220|FD|1,000000|
|0200|1|ARROZ TIPO1 EMB.5KG PALMARES PLUS|SEM GTIN||UN|00|10063021||00||0,00||
|0220|UN|1,000000|
|0200|1|ARROZ TROPEIRO T1 5KG|SEM GTIN||UN|00|10063021||00||0,00||
|0220|UN|1,000000|
|0200|1|ARROZ TROPEIRO TP1 1KG|SEM GTIN||UN|00|10063021||00||0,00||
|0220|UN|1,000000|
|0200|1|ASA ENV COPACOL CX 16KG|SEM GTIN||CX|00|02071400||00||12,00||
|0220|CX|1,000000|
|0200|1|ASA ENV LAR CX 18KG|SEM GTIN||CX|00|02071400||00||12,00||
|0220|CX|1,000000|
|0200|1|ASA KG|SEM GTIN||KG|00|02071400||00||0,00||
|0220|KG|1,000000|
|0200|1|ATUM RALADO EM OLEO 88 140G|SEM GTIN||UN|00|16042010||00||0,00||
|0220|UN|1,000000|
|0200|1|AVEIA EM FLOCOS FINOS YOKI 170G|SEM GTIN||UN|00|11041200||00||18,00||
|0220|UN|1,000000|
|0200|1|AVEIA EM FLOCOS QUAKER 165G|SEM GTIN||UN|00|11041200||00||18,00||
|0220|UN|1,000000|
|0200|1|AVEIA FARINHA 170G|7898079294092||UN|00|11029000||00||18,00||
|0220|UN|1,000000|
|0200|1|AVEIA FARINHA ITALIANINHO 170G|SEM GTIN||UN|00|21039021||00||0,00||
|0220|UN|1,000000|
|0200|1|AVEIA FLOCOS F.QUAKER 165G|SEM GTIN||UN|00|11041200||00||18,00||
|0220|UN|1,000000|
|0200|1|AVEIA FLOCOS FINOS 170G|7898079294078||UN|00|11041200||00||18,00||
|0220|UN|1,000000|
|0200|1|AVEIA FLOCOS FINOS ITALIANINHO 170G|SEM GTIN||UN|00|21039021||00||0,00||
|0220|UN|1,000000|
|0200|1|AVEIA FLOCOS FINOS YOKI 170GR (12)|7891095028337||UN|00|11041200||00||18,00||
|0220|UN|1,000000|
|0200|1|AVEIA FLOCOS GROSSOS 170G|7898079294085||UN|00|11041200||00||18,00||
|0220|UN|1,000000|
|0200|1|AVEIA FLOCOS ITALIANINHO 170G|SEM GTIN||UN|00|21039021||00||0,00||
|0220|UN|1,000000|
|0200|1|AVEIA FLOCOS YOKI 170 GR (12)|7891095028344||UN|00|11041200||00||18,00||
|0220|UN|1,000000|
|0200|1|AZEIT.VERDES S CAROCO 80GR|SEM GTIN||UN|00|20057000||00||0,00||
|0220|UN|1,000000|
|0200|1|AZEITE ANDORINHA 500ML|5601216120152||UN|00|15092000||00||0,00||
|0220|UN|1,000000|
|0200|1|AZEITE GALLO EX V 500ML|SEM GTIN||UN|00|15092000||00||0,00||
|0220|UN|1,000000|
|0200|1|AZEITE GALLO OLIV 200ML|SEM GTIN||UN|00|15099090||00||0,00||
|0220|UN|1,000000|
|0200|1|AZEITE PORT.GALLO LT/T.UNICO 200ML(40) *|5601252231058||CX|00|15099090||00||18,00||
|0220|CX|1,000000|
|0200|1|AZEITONA C/CAROCO ITALIANINHO 200G|SEM GTIN||UN|00|20057000||00||0,00||
|0220|UN|1,000000|
|0200|1|AZEITONA FATIADA ITAL.200G|SEM GTIN||UN|00|20057000||00||0,00||
|0220|UN|1,000000|
|0200|1|AZEITONA PALISTIN 130G|SEM GTIN||UN|00|20057000||00||0,00||
|0220|UN|1,000000|
|0200|1|AZEITONA RAIOLA S/ CAROCO 325g|7896237900182||UN|00|20057000||00||0,00||
|0220|UN|1,000000|
|0200|1|AZEITONA S/CAROCO ITAL.200G|SEM GTIN||UN|00|20057000||00||0,00||
|0220|UN|1,000000|
|0200|1|AZEITONA TIO PACO DOYPACK 80G PRETA|SEM GTIN||UN|00|20057000||00||0,00||
|0220|UN|1,000000|
|0200|1|AZEITONA TIO PACO DOYPACK 80g PRETA|17898174853368||CX|00|20057000||00||18,00||
|0220|CX|1,000000|
|0200|1|AZEITONA VERDE PALISTINHA SACHE|7898920222847||CXA1|00|20057000||00||0,00||
|0220|CXA1|1,000000|
|0200|1|AZEITONAS C/ CAROCO 100G|7898079294047||UN|00|20057000||00||18,00||
|0220|UN|1,000000|
|0200|1|AZEITONAS FATIADAS 100G|7898079294061||UN|00|20057000||00||18,00||
|0220|UN|1,000000|
|0200|1|AZEITONAS S/ CAROCO 100G|7898079294054||UN|00|20057000||00||18,00||
|0220|UN|1,000000|
|0200|1|AZEITONAS VERDES RAIOLA 800G|SEM GTIN||UN|00|20057000||00||0,00||
|0220|UN|1,000000|
|0200|1|Acetona Farmax Blue..100ml|7896902209121||DZ12|00|33043000||00||12,00||
|0220|DZ12|1,000000|
|0200|1|Agua Oxigenada Cremosa Marcia 40v..70ml|17896221800112||CX24|00|33059000||00||12,00||
|0220|CX24|1,000000|
|0200|1|Algodao Apolo Bola..20x25g|7896224407250||PC1|00|56012110||00||12,00||
|0220|PC1|1,000000|
|0200|1|Algodao Apolo Cx..50g|7896224406024||CX20|00|56012110||00||12,00||
|0220|CX20|1,000000|
|0200|1|Azeitona Tio Paco Doy Pack Sem Caroco..80g|17898174853320||CX24|00|20057000||00||12,00||
|0220|CX24|1,000000|
|0200|1|B PANCO PANFI CHOC 70G|SEM GTIN||UN|00|19052090||00||0,00||
|0220|UN|1,000000|
|0200|1|B PANCO PANFI MOR 70G|SEM GTIN||UN|00|19052090||00||0,00||
|0220|UN|1,000000|
|0200|1|B.VIN.CANCAO TTO SUAVE GFA 750ML (12)|7896780900196||UN|00|22042100||00||18,00||
|0220|UN|1,000000|
|0200|1|BACON CUBOS 0,200 KG|17898229387138||KG|00|02101900||00||12,00||
|0220|KG|1,000000|
|0200|1|BACON DEF. ESPECIAL DE PALETA +/- 15 KG|17898229382553||KG|00|02101900||00||12,00||
|0220|KG|1,000000|
|0200|1|BACON EM CUBOS SAUDALI 200G|SEM GTIN||UN|00|02101900||00||18,00||
|0220|UN|1,000000|
|0200|1|BACON KG|SEM GTIN||KG|00|02101900||00||0,00||
|0220|KG|1,000000|
|0200|1|BACONZITOS 31GX58X1 DTS|7892840819620||UN|00|19059090||00||18,00||
|0220|UN|1,000000|
|0200|1|BACONZITOS E.CHIPS 31G|SEM GTIN||UN|00|19059090||00||0,00||
|0220|UN|1,000000|
|0200|1|BALA DE AMENDOIM TRADICIONAL DADINHO 90G|7898530840486||UNID|00|18069000||00||18,00||
|0220|UNID|1,000000|
|0200|1|BALA DE GELATINA FINI AMORAS 90G|SEM GTIN||CX|00|17049020||00||18,00||
|0220|CX|1,000000|
|0200|1|BALA DE GELATINA FINI AMORAS 90G|SEM GTIN||UN|00|17049020||00||18,00||
|0220|UN|1,000000|
|0200|1|BALA DE GELATINA FINI AROS DE MORANGO 90G|17898279790384||CX|00|17049020||00||18,00||
|0220|CX|1,000000|
|0200|1|BALA DE GELATINA FINI AROS MOR. 90G|SEM GTIN||UN|00|17049020||00||18,00||
|0220|UN|1,000000|
|0200|1|BALA DE GELATINA FINI BANANA 90G|17898279790391||CX|00|17049020||00||18,00||
|0220|CX|1,000000|
|0200|1|BALA DE GELATINA FINI BEIJOS DE MORANGO 90G|17898279790407||CX|00|17049020||00||18,00||
|0220|CX|1,000000|
|0200|1|BALA DE GELATINA FINI DENTADURA 90G|SEM GTIN||UN|00|17049020||00||18,00||
|0220|UN|1,000000|
|0200|1|BALA DE GELATINA FINI DENTADURAS 90G|17898279790414||CX|00|17049020||00||18,00||
|0220|CX|1,000000|
|0200|1|BALA DE IOG. 7BELO 150G|SEM GTIN||UN|00|17049020||00||18,00||
|0220|UN|1,000000|
|0200|1|BALA FINI TUBES 17G|SEM GTIN||UN|00|17049020||00||18,00||
|0220|UN|1,000000|
|0200|1|BALA FINI TUBES IOGURTE SUPER GIGANTE 27G|7908228801665||DISP|00|17049020||00||18,00||
|0220|DISP|1,000000|
|0200|1|BALA FINI TUBES MORANGO 80G|68410525159611||CX|00|17049020||00||18,00||
|0220|CX|1,000000|
|0200|1|BALA FINI TUBES MORANGO SUPER GIGANTE 27G|7908228801641||DISP|00|17049020||00||18,00||
|0220|DISP|1,000000|
|0200|1|BALA FINI TUBES TWISTER 80G|17898591457804||CX|00|17049020||00||18,00||
|0220|CX|1,000000|
|0200|1|BALA HALLS MOR/FRUT 28G|SEM GTIN||UN|00|17049020||00||18,00||
|0220|UN|1,000000|
|0200|1|BALA HALLS PRATA 28G|SEM GTIN||UN|00|17049020||00||18,00||
|0220|UN|1,000000|
|0200|1|BALAS BUTTER TOFFEES 100G|SEM GTIN||UN|00|17049020||00||18,00||
|0220|UN|1,000000|
|0200|1|BALAS DE GELATINAS FINI BANANAS 90G|SEM GTIN||UN|00|17049020||00||18,00||
|0220|UN|1,000000|
|0200|1|BALAS DE GELATINAS FINI BEIJOS DE MOR. 90G|SEM GTIN||UN|00|17049020||00||18,00||
|0220|UN|1,000000|
|0200|1|BALAS FINI TUBES 17G|SEM GTIN||UN|00|17049020||00||18,00||
|0220|UN|1,000000|
|0200|1|BALAS FINI TUBES 27G|SEM GTIN||UN|00|17049020||00||18,00||
|0220|UN|1,000000|
|0200|1|BALAS TUBES FINI MORANGO 17G|SEM GTIN||UN|00|17049020||00||18,00||
|0220|UN|1,000000|
|0200|1|BALDE PEQUENO 6616|SEM GTIN||UN|00|39249000||00||18,00||
|0220|UN|1,000000|
|0200|1|BALEIRO CRISTAL TAMPA BRANCA 1.2L 757|7908342100354||Un|00|39249000||00||0,00||
|0220|Un|1,000000|
|0200|1|BALOES GLOBO 50UNID|SEM GTIN||UN|00|95030099||00||18,00||
|0220|UN|1,000000|
|0200|1|BALOES GLOBOS 6,5 LISO|SEM GTIN||UN|00|95030099||00||18,00||
|0220|UN|1,000000|
|0200|1|BALOES IDEATEX 50UNID|SEM GTIN||UN|00|95030099||00||18,00||
|0220|UN|1,000000|
|0200|1|BANANA D AGUA|SEM GTIN||KG|00|08039000||00||0,00||
|0220|KG|1,000000|
|0200|1|BANANA D'AGUA KG|SEM GTIN||KG|00|08039000||00||0,00||
|0220|KG|1,000000|
|0200|1|BANANA DE 2 KG|SEM GTIN||KG|00|08039000||00||0,00||
|0220|KG|1,000000|
|0200|1|BANANA PRATA|SEM GTIN||KG|00|08039000||00||0,00||
|0220|KG|1,000000|
|0200|1|BANANA PRATA KG|SEM GTIN||KG|00|08039000||00||0,00||
|0220|KG|1,000000|
|0200|1|BAND AID UNIDADE|SEM GTIN||UN|00|30051050||00||0,00||
|0220|UN|1,000000|
|0200|1|BANDEJA B1 AMARELA COPOBRAS C/100|SEM GTIN||PCT|00|39239000||00||0,00||
|0220|PCT|1,000000|
|0200|1|BANDEJA B1 COPOBRAS C/400|SEM GTIN||FDO|00|39239000||00||0,00||
|0220|FDO|1,000000|
|0200|1|BANDEJA B1 RASA BOM APETITE C/400|SEM GTIN||FD|00|39239000||00||0,00||
|0220|FD|1,000000|
|0200|1|BANDEJA DE SERVIR MAD. CAFE DA MANHA 91390/108|SEM GTIN||UN|00|44209000||00||18,00||
|0220|UN|1,000000|
|0200|1|BARBANTE 8 FIOS 200GR 140MTS CRU|SEM GTIN||UN|00|52051100||00||18,00||
|0220|UN|1,000000|
|0200|1|BARLA LT ROSAS 140G|SEM GTIN||UN|00|33049100||00||0,00||
|0220|UN|1,000000|
|0200|1|BARLA LT ROSAS 80G|SEM GTIN||UN|00|33049100||00||0,00||
|0220|UN|1,000000|
|0200|1|BARRA CER. TRIO BAN. MEL 20G|SEM GTIN||UN|00|19042000||00||0,00||
|0220|UN|1,000000|
|0200|1|BARRA CEREAIS TRIO ORIG 20G|SEM GTIN||UN|00|19042000||00||0,00||
|0220|UN|1,000000|
|0200|1|BARRA CHOC. ARCOR BRIG.80G|SEM GTIN||UN|00|18063210||00||0,00||
|0220|UN|1,000000|
|0200|1|BARRA CHOC.ARCOR AMEND.80G|SEM GTIN||UN|00|18063210||00||0,00||
|0220|UN|1,000000|
|0200|1|BARRA CHOC.ARCOR AO LEITE 80G|SEM GTIN||UN|00|18063210||00||0,00||
|0220|UN|1,000000|
|0200|1|BARRA CHOC.ARCOR ROCKLETS 80G|SEM GTIN||UN|00|18063210||00||0,00||
|0220|UN|1,000000|
|0200|1|BARRA CHOC.BRANCO ARCOR 80G|SEM GTIN||UN|00|17049010||00||0,00||
|0220|UN|1,000000|
|0200|1|BARRA CHOC.CRUNCH 90G|SEM GTIN||UN|00|18063210||00||0,00||
|0220|UN|1,000000|
|0200|1|BARRA CHOC.GALAK 90G|SEM GTIN||UN|00|17049010||00||0,00||
|0220|UN|1,000000|
|0200|1|BARRA CHOC.NESTLE 90G|SEM GTIN||UN|00|18063210||00||0,00||
|0220|UN|1,000000|
|0200|1|BARRA CHOC.TALENTO 25G|SEM GTIN||UN|00|18063210||00||0,00||
|0220|UN|1,000000|
|0200|1|BARRA DE CHOC ALPINO 90G|SEM GTIN||UN|00|18063210||00||0,00||
|0220|UN|1,000000|
|0200|1|BARRA DE CHOCOLATE NEUGEBAUER NEUGE AO LEITE 90G|7891330017287||DISP|00|18063210||00||18,00||
|0220|DISP|1,000000|
|0200|1|BASTAO BOLHA DE SABAO|SEM GTIN||UN|00|95030099||00||18,00||
|0220|UN|1,000000|
|0200|1|BAT CRAC CEB SALS 40G|SEM GTIN||UN|00|20052000||00||0,00||
|0220|UN|1,000000|
|0200|1|BAT CRAC NAT.40G|SEM GTIN||UN|00|20052000||00||0,00||
|0220|UN|1,000000|
|0200|1|BAT.PALHA CRAC CEB & SALSA 100G|SEM GTIN||UN|00|20052000||00||0,00||
|0220|UN|1,000000|
|0200|1|BAT.PALHA CRAC E.FINA 100G|SEM GTIN||UN|00|20052000||00||0,00||
|0220|UN|1,000000|
|0200|1|BAT.PALHA ELMA CHIPS 100G|SEM GTIN||UN|00|20052000||00||0,00||
|0220|UN|1,000000|
|0200|1|BAT.PALHA SUPREMA|7898943946218||UN|00|20052000||00||0,00||
|0220|UN|1,000000|
|0200|1|BAT.PALHA TRAD.ELMA CHIPS 110G|SEM GTIN||UN|00|20052000||00||0,00||
|0220|UN|1,000000|
|0200|1|BATATA 25KG|SEM GTIN||SC|00|07019000||00||0,00||
|0220|SC|1,000000|
|0200|1|BATATA CONG NOBREDO 400G|SEM GTIN||UN|00|20041000||00||0,00||
|0220|UN|1,000000|
|0200|1|BATATA DOCE|SEM GTIN||SC|00|07142000||00||0,00||
|0220|SC|1,000000|
|0200|1|BATATA DOCE KG|SEM GTIN||KG|00|07142000||00||0,00||
|0220|KG|1,000000|
|0200|1|BATATA INGLESA|SEM GTIN||KG|00|07019000||00||0,00||
|0220|KG|1,000000|
|0200|1|BATATA INGLESA|SEM GTIN||KG|00|07142000||00||0,00||
|0220|KG|1,000000|
|0200|1|BATATA INGLESA DE 2?|SEM GTIN||KG|00|07142000||00||0,00||
|0220|KG|1,000000|
|0200|1|BATATA INGLESA KG|SEM GTIN||KG|00|07019000||00||0,00||
|0220|KG|1,000000|
|0200|1|BATATA JAYS CLASSICA 45G|SEM GTIN||UN|00|20052000||00||0,00||
|0220|UN|1,000000|
|0200|1|BATATA LAVADA 25 KG|SEM GTIN||SC|00|07019000||00||0,00||
|0220|SC|1,000000|
|0200|1|BATATA LAYS 80G|SEM GTIN||UN|00|20052000||00||0,00||
|0220|UN|1,000000|
|0200|1|BATATA LAYS ELMA CHIPS 45G|SEM GTIN||UN|00|20052000||00||0,00||
|0220|UN|1,000000|
|0200|1|BATATA LAYS SOUR CREAM 135G|SEM GTIN||UN|00|20052000||00||0,00||
|0220|UN|1,000000|
|0200|1|BATATA NOBREDO 9MM (03948) CX\7X2KG|7898962952016||KG|00|20041000||00||18,00||
|0220|KG|1,000000|
|0200|1|BATATA NOBREDO CX36X400GR (3946)|7898962952023||CX|00|20041000||00||18,00||
|0220|CX|1,000000|
|0200|1|BATATA OND CRAC NAT 40G - CX/20|7897559900454||CX|00|20052000||00||0,00||
|0220|CX|1,000000|
|0200|1|BATATA OND CRAC SALSA CEBOLA 40G - CX/20|7897559900461||CX|00|20052000||00||0,00||
|0220|CX|1,000000|
|0200|1|BATATA PALHA CRAC 100G|SEM GTIN||UN|00|20052000||00||0,00||
|0220|UN|1,000000|
|0200|1|BATATA PALHA CRAC 300G|SEM GTIN||UN|00|20052000||00||0,00||
|0220|UN|1,000000|
|0200|1|BATATA PALHA CRAC 70G|SEM GTIN||UN|00|20052000||00||0,00||
|0220|UN|1,000000|
|0200|1|BATATA PALHA CRAC EXTRA FINA 100GR - CX 20|SEM GTIN||CX|00|20052000||00||0,00||
|0220|CX|1,000000|
|0200|1|BATATA PALHA CRAC SALSA CEBOLA 100GR - CX20|SEM GTIN||CX|00|20052000||00||0,00||
|0220|CX|1,000000|
|0200|1|BATATA PALHA CRAC TRAD 100GR - CX20|SEM GTIN||CX|00|20052000||00||0,00||
|0220|CX|1,000000|
|0200|1|BATATA PALHA CRAC TRAD 250GR - CX18|SEM GTIN||CX|00|20052000||00||0,00||
|0220|CX|1,000000|
|0200|1|BATATA PALHA CRAC TRAD 70GR - CX/70|7897559900058||CX|00|20052000||00||0,00||
|0220|CX|1,000000|
|0200|1|BATATA PALHA E.CHIPS TRAD.70G|7892840814830||UN|00|20052000||00||0,00||
|0220|UN|1,000000|
|0200|1|BATATA PALHA E.CHIPS TRAD.70G|SEM GTIN||UN|00|20052000||00||0,00||
|0220|UN|1,000000|
|0200|1|BATATA PALHA POINT CHIPS 100G|SEM GTIN||UN|00|19059090||00||0,00||
|0220|UN|1,000000|
|0200|1|BATATA PALHA POINT CHIPS CEBOLA 60G|SEM GTIN||UN|00|19059090||00||0,00||
|0220|UN|1,000000|
|0200|1|BATATA POINT CHIPS 50G|SEM GTIN||UN|00|19059090||00||0,00||
|0220|UN|1,000000|
|0200|1|BATATA PRE-FRITA NOBREDO 2KG|SEM GTIN||PC|00|20041000||00||18,00||
|0220|PC|1,000000|
|0200|1|BATATA RUFFLES CEBOLA E SALSA 40G|SEM GTIN||UN|00|20052000||00||0,00||
|0220|UN|1,000000|
|0200|1|BATATA RUFFLES CHURRASCO 40G|SEM GTIN||UN|00|20052000||00||0,00||
|0220|UN|1,000000|
|0200|1|BATATA RUFFLES CROCRUNCH 40G|SEM GTIN||UN|00|20052000||00||0,00||
|0220|UN|1,000000|
|0200|1|BATATA RUFFLES ORIG 145G|SEM GTIN||UN|00|20052000||00||0,00||
|0220|UN|1,000000|
|0200|1|BATATA RUFFLES ORIGINAL 40G|SEM GTIN||UN|00|20052000||00||0,00||
|0220|UN|1,000000|
|0200|1|BATATA RUFLLES BACONZITOS 35G|SEM GTIN||UN|00|20052000||00||0,00||
|0220|UN|1,000000|
|0200|1|BATERIA LIT.BOTAO ALFACEL|SEM GTIN||UN|00|85061039||00||18,00||
|0220|UN|1,000000|
|0200|1|BATON BRANCO 16G|SEM GTIN||UN|00|18063210||00||0,00||
|0220|UN|1,000000|
|0200|1|BATON GAROTO CREME 16R|SEM GTIN||UN|00|18063210||00||0,00||
|0220|UN|1,000000|
|0200|1|BATON GAROTO EXMILK16G|SEM GTIN||UN|00|18063210||00||0,00||
|0220|UN|1,000000|
|0200|1|BAgua Sal 200|7891203050526||UN|00|19053100||00||18,00||
|0220|UN|1,000000|
|0200|1|BCreamCracker200|7891203020765||UN|00|19053100||00||18,00||
|0220|UN|1,000000|
|0200|1|BDelicioSalga500|7891203021601||UN|00|19053100||00||18,00||
|0220|UN|1,000000|
|0200|1|BEATS MINT 269ML|SEM GTIN||UN|00|22089000||00||37,00||
|0220|UN|1,000000|
|0200|1|BEB ITAMBE VIT/CEREAIS 1,25KG|SEM GTIN||UN|00|04032000||00||18,00||
|0220|UN|1,000000|
|0200|1|BEB LAC FERMENTADA 540G MOR PULSI|7896791902332||UN|00|22029900||00||18,00||
|0220|UN|1,000000|
|0200|1|BEB LAC FERMENTADA 540GR TRI PULSI SAL/M|7896791902622||UN|00|22029900||00||18,00||
|0220|UN|1,000000|
|0200|1|BEB LAC FERMENTADA 900G MOR PULSI|7896791902356||UN|00|22029900||00||18,00||
|0220|UN|1,000000|
|0200|1|BEB LAC FERMENTADA 900G SAL PULSI|7896791902417||UN|00|22029900||00||18,00||
|0220|UN|1,000000|
|0200|1|BEB LAC UHT ITAMBE KIDS MORANGO 200ML|7896051111863||UN|00|22029900||00||18,00||
|0220|UN|1,000000|
|0200|1|BEB LACT NESCAU 200ML|SEM GTIN||UN|00|22029900||00||0,00||
|0220|UN|1,000000|
|0200|1|BEB LACTEA PULSI MOR 180G|SEM GTIN||UN|00|22029900||00||0,00||
|0220|UN|1,000000|
|0200|1|BEB. LAC. PULSI MORANGO 1300GRS|7896791903407||UN|00|22029900||00||18,00||
|0220|UN|1,000000|
|0200|1|BEB. LAC. PULSI SALADA 1300GRS|7896791903544||UN|00|22029900||00||18,00||
|0220|UN|1,000000|
|0200|1|BEB.DEL VALLE FRUT UVA 450ML|SEM GTIN||UN|00|22021000||00||0,00||
|0220|UN|1,000000|
|0200|1|BEB.LAC. ITAMBE KIDS MOR. 200ML|SEM GTIN||UN|00|22029900||00||0,00||
|0220|UN|1,000000|
|0200|1|BEB.LAC. ITAMBE KIDS VIT. 200ML|SEM GTIN||UN|00|22029900||00||0,00||
|0220|UN|1,000000|
|0200|1|BEB.LAC.ALPINO NESTLE 280ML|SEM GTIN||UN|00|22029900||00||0,00||
|0220|UN|1,000000|
|0200|1|BEB.LAC.ITAMBE KIDS CHOC.200ML|SEM GTIN||UN|00|22029900||00||0,00||
|0220|UN|1,000000|
|0200|1|BEB.LAC.ITAMBE VIT.1LT|SEM GTIN||UN|00|22029900||00||0,00||
|0220|UN|1,000000|
|0200|1|BEB.LAC.PULSI MOR.1300G|SEM GTIN||UN|00|22029900||00||0,00||
|0220|UN|1,000000|
|0200|1|BEB.LAC.SHOWKINHO 200ML|SEM GTIN||UN|00|22029900||00||0,00||
|0220|UN|1,000000|
|0200|1|BEB.LACT.TREV.FRUT.200ML|SEM GTIN||UN|00|22029900||00||0,00||
|0220|UN|1,000000|
|0200|1|BEB.LACTEA CHOC.REG.200ML|SEM GTIN||UN|00|22029900||00||0,00||
|0220|UN|1,000000|
|0200|1|BEB.LACTEA PULSI BDJ 540G|SEM GTIN||UN|00|22029900||00||0,00||
|0220|UN|1,000000|
|0200|1|BEB.LACTEA PULSI FRUT 180G|SEM GTIN||UN|00|22029900||00||0,00||
|0220|UN|1,000000|
|0200|1|BEB.LACTEA PULSI MOR 540G|SEM GTIN||UN|00|22029900||00||0,00||
|0220|UN|1,000000|
|0200|1|BEB.LACTEA PULSI SALD.F 1,3K|SEM GTIN||UN|00|22029900||00||0,00||
|0220|UN|1,000000|
|0200|1|BEB.LACTEA SHOWKINHO 1L|SEM GTIN||UN|00|22029900||00||0,00||
|0220|UN|1,000000|
|0200|1|BEB.LACTEA TREV.MOR.200ML|SEM GTIN||UN|00|22029900||00||0,00||
|0220|UN|1,000000|
|0200|1|BEB.LACTEA TREVI.CHOC.200ML|SEM GTIN||UN|00|22029900||00||0,00||
|0220|UN|1,000000|
|0200|1|BEB.VINHO PERGOLA TINTO SUAVE 12X1LT|7896855901417||CXA|00|22042100||00||12,00||
|0220|CXA|1,000000|
|0200|1|BEBEZIN PANCO CHOC 70G|SEM GTIN||UN|00|19052090||00||0,00||
|0220|UN|1,000000|
|0200|1|BEBEZIN PANCO MOR 70G|SEM GTIN||UN|00|19052090||00||0,00||
|0220|UN|1,000000|
|0200|1|BEBIDA LAC CHOC SHOWKINHO 1L TIROL|7896256602104||UN|00|22029900||00||18,00||
|0220|UN|1,000000|
|0200|1|BEBIDA LAC CHOC SHOWKINHO 200ML TIROL|7896256602111||UN|00|22029900||00||18,00||
|0220|UN|1,000000|
|0200|1|BEBIDA LAC UHT ITAMBE KIDS CHOCO 200ML|7896051111856||UN|00|22029900||00||18,00||
|0220|UN|1,000000|
|0200|1|BEBIDA LAC UHT ITAMBE KIDS VITAM 200ML|7896051111955||UN|00|22029900||00||18,00||
|0220|UN|1,000000|
|0200|1|BEBIDA LAC. NESCAU 1LT|SEM GTIN||UN|00|22029900||00||0,00||
|0220|UN|1,000000|
|0200|1|BEBIDA LACTEA INFANTIL MOR BATAVO 360G|7891097102189||UN|00|22029900||00||18,00||
|0220|UN|1,000000|
|0200|1|BERINJELA KG|SEM GTIN||KG|00|07093000||00||0,00||
|0220|KG|1,000000|
|0200|1|BETERRABA|SEM GTIN||CX|00|07069000||00||0,00||
|0220|CX|1,000000|
|0200|1|BETERRABA KG|SEM GTIN||KG|00|07069000||00||0,00||
|0220|KG|1,000000|
|0200|1|BICARBONATO 15G|7898079290162||UN|00|28363000||00||18,00||
|0220|UN|1,000000|
|0200|1|BICARBONATO ITALIANINHO 15G|SEM GTIN||UN|00|28363000||00||18,00||
|0220|UN|1,000000|
|0200|1|BICO DE MAMADEIRA SILICONE|7898170980122||Un|00|40149090||00||0,00||
|0220|Un|1,000000|
|0200|1|BICO PULVERISADOR|7899101120860||Un|00|84248990||00||0,00||
|0220|Un|1,000000|
|0200|1|BISC AG/SAL PANCO 200G|SEM GTIN||UN|00|19053100||00||18,00||
|0220|UN|1,000000|
|0200|1|BISC AGUA E SAL 27X350G|17896003738633||CX|00|19053100||00||18,00||
|0220|CX|1,000000|
|0200|1|BISC CR.CRACKER PANCO 200G|SEM GTIN||UN|00|19053100||00||18,00||
|0220|UN|1,000000|
|0200|1|BISC CRA INT PANCO 200G|SEM GTIN||UN|00|19053100||00||18,00||
|0220|UN|1,000000|
|0200|1|BISC CREAM CRACKER 27X350G|17896003738602||CX|00|19053100||00||18,00||
|0220|CX|1,000000|
|0200|1|BISC DC SEQ PANCO 500G|SEM GTIN||UN|00|19059090||00||0,00||
|0220|UN|1,000000|
|0200|1|BISC LOOK DOCE L 55G|SEM GTIN||UN|00|19053200||00||0,00||
|0220|UN|1,000000|
|0200|1|BISC MAIZ PIRAQ 200G|SEM GTIN||UN|00|19053100||00||18,00||
|0220|UN|1,000000|
|0200|1|BISC MAIZENA 24X350G|17896003738527||CX|00|19053100||00||18,00||
|0220|CX|1,000000|
|0200|1|BISC MAIZENA 42X170G|17896003738503||CX|00|19053100||00||18,00||
|0220|CX|1,000000|
|0200|1|BISC MANTEIGA 24X350G|17896003738558||CX|00|19053100||00||18,00||
|0220|CX|1,000000|
|0200|1|BISC PASSATEMPO LEITE 150G|SEM GTIN||UN|00|19059090||00||18,00||
|0220|UN|1,000000|
|0200|1|BISC PASSATEMPO LEITE 150G (54)|7891000051436||UN|00|19053100||00||18,00||
|0220|UN|1,000000|
|0200|1|BISC PITSTOP P CH 162G|SEM GTIN||UN|00|19059090||00||0,00||
|0220|UN|1,000000|
|0200|1|BISC POLV CRAC SAL 90G|SEM GTIN||UN|00|19059090||00||0,00||
|0220|UN|1,000000|
|0200|1|BISC POLVILHO MURIAE 130G|SEM GTIN||UN|00|19059090||00||0,00||
|0220|UN|1,000000|
|0200|1|BISC PRESU PIRAQ 100G|SEM GTIN||UN|00|19059090||00||0,00||
|0220|UN|1,000000|
|0200|1|BISC QUEIJ PIRAQ 100G|SEM GTIN||UN|00|19053100||00||0,00||
|0220|UN|1,000000|
|0200|1|BISC RECH VISC MORAN 125G|SEM GTIN||UN|00|19053100||00||0,00||
|0220|UN|1,000000|
|0200|1|BISC RECH VISCT CHOC 125G|SEM GTIN||UN|00|19059090||00||0,00||
|0220|UN|1,000000|
|0200|1|BISC SALG PIRAQ 100G|SEM GTIN||UN|00|19059090||00||0,00||
|0220|UN|1,000000|
|0200|1|BISC SKINY 38G CEBOLA|7896071025485||FD|00|19041000||00||18,00||
|0220|FD|1,000000|
|0200|1|BISC SKINY 38G PRESUNTO|7896071025492||FD|00|19041000||00||18,00||
|0220|FD|1,000000|
|0200|1|BISC. COOKIE PARATI CHOC. 60G|SEM GTIN||UN|00|19053100||00||0,00||
|0220|UN|1,000000|
|0200|1|BISC. COOKIE PRESTIGIO NESTLE 60G|SEM GTIN||UN|00|19053100||00||0,00||
|0220|UN|1,000000|
|0200|1|BISC. COOKIES CHOC.VISCONTI 60G|SEM GTIN||UN|00|19053100||00||0,00||
|0220|UN|1,000000|
|0200|1|BISC. COOKIES ORIG. VISCONTI 60G|SEM GTIN||UN|00|19059090||00||0,00||
|0220|UN|1,000000|
|0200|1|BISC. PANCO GOLDEN BLACK 140G|SEM GTIN||UN|00|19053100||00||0,00||
|0220|UN|1,000000|
|0200|1|BISC. RECH. VISCONTI CH/M 125G|7891962036076||UN|00|19053100||00||0,00||
|0220|UN|1,000000|
|0200|1|BISC. RECHEADO TRUFADO PANCO 140G|SEM GTIN||UN|00|19053100||00||0,00||
|0220|UN|1,000000|
|0200|1|BISC. RICHESTRER CR.CRACKER 350GR|SEM GTIN||UN|00|19053100||00||18,00||
|0220|UN|1,000000|
|0200|1|BISC. SALGADO WIND PANC 500G|SEM GTIN||UN|00|19053100||00||0,00||
|0220|UN|1,000000|
|0200|1|BISC. TEENS CHOC. MARILAN 30G|SEM GTIN||UN|00|19059020||00||18,00||
|0220|UN|1,000000|
|0200|1|BISC. WAFER CHOCOLATE (40X120G) - CADORE|17896010607113||FD|00|19053200||00||18,00||
|0220|FD|1,000000|
|0200|1|BISC. WAFER LIMAO (40X120G)  - CADORE|17896010607120||FD|00|19053200||00||18,00||
|0220|FD|1,000000|
|0200|1|BISC. WAFER MORANGO (40X120G)  - CADORE|17896010607106||FD|00|19053200||00||18,00||
|0220|FD|1,000000|
|0200|1|BISC. WAFFER CADORE 120G|SEM GTIN||UN|00|19053200||00||0,00||
|0220|UN|1,000000|
|0200|1|BISC. WAFFER CADORE CHOC. 120G|SEM GTIN||UN|00|19053200||00||0,00||
|0220|UN|1,000000|
|0200|1|BISC. WAFFER CADORE LIMAO 120G|SEM GTIN||UN|00|19053200||00||0,00||
|0220|UN|1,000000|
|0200|1|BISC. WAFFER CHOC. CADORE 120G|SEM GTIN||UN|00|19053200||00||0,00||
|0220|UN|1,000000|
|0200|1|BISC.AGUA E SAL MARILAN 350G|SEM GTIN||UN|00|19053100||00||18,00||
|0220|UN|1,000000|
|0200|1|BISC.AGUA/SAL RENATA 360G|SEM GTIN||UN|00|19053100||00||18,00||
|0220|UN|1,000000|
|0200|1|BISC.AMANT.PARATI CHOC.180G|SEM GTIN||UN|00|19059090||00||0,00||
|0220|UN|1,000000|
|0200|1|BISC.CR.CRACKER PIRAQ 200G|7896024721198||UN|00|19053100||00||18,00||
|0220|UN|1,000000|
|0200|1|BISC.CR.CRACKER PIRAQ 200G|SEM GTIN||UN|00|19053100||00||18,00||
|0220|UN|1,000000|
|0200|1|BISC.CR.CRACKER PIRAQ 200G|7896024721198||UN|00|19059090||00||18,00||
|0220|UN|1,000000|
|0200|1|BISC.CR.CRACKER RENATA 200G|SEM GTIN||UN|00|19059090||00||18,00||
|0220|UN|1,000000|
|0200|1|BISC.CR.CRACKER RENATA 360G|SEM GTIN||UN|00|19053100||00||18,00||
|0220|UN|1,000000|
|0200|1|BISC.CREAM CRACK MARILAN 350G|SEM GTIN||UN|00|19053100||00||18,00||
|0220|UN|1,000000|
|0200|1|BISC.GOIABINHA PIRAQUE 75G|SEM GTIN||UN|00|19053100||00||0,00||
|0220|UN|1,000000|
|0200|1|BISC.LEITE DUPLO MALTADO PIRAQUE 160G|SEM GTIN||UN|00|19059090||00||18,00||
|0220|UN|1,000000|
|0200|1|BISC.LEITE MALT.C/CHOC.PIR 80G|SEM GTIN||UN|00|19059090||00||0,00||
|0220|UN|1,000000|
|0200|1|BISC.LEITE MALTADO PIRAQUE 160G|SEM GTIN||UN|00|19059090||00||18,00||
|0220|UN|1,000000|
|0200|1|BISC.LEITE MARILAM 350G|SEM GTIN||UN|00|19059090||00||18,00||
|0220|UN|1,000000|
|0200|1|BISC.LEITE RENATA 360G|SEM GTIN||UN|00|19059090||00||18,00||
|0220|UN|1,000000|
|0200|1|BISC.MAISENA PANCO 200GR|SEM GTIN||UN|00|19053100||00||18,00||
|0220|UN|1,000000|
|0200|1|BISC.MAIZENA MARILAN 170G|SEM GTIN||UN|00|19053100||00||18,00||
|0220|UN|1,000000|
|0200|1|BISC.MAIZENA MARILAN 350G|SEM GTIN||UN|00|19059090||00||18,00||
|0220|UN|1,000000|
|0200|1|BISC.MAIZENA PIRAQUE 200G|7896024722676||UN|00|19059090||00||18,00||
|0220|UN|1,000000|
|0200|1|BISC.MAIZENA RENATA 360G|SEM GTIN||UN|00|19053100||00||18,00||
|0220|UN|1,000000|
|0200|1|BISC.MANTEIGA MARILAN 350G|SEM GTIN||UN|00|19059090||00||18,00||
|0220|UN|1,000000|
|0200|1|BISC.PIRAQUE AGUA/GERG.240G|SEM GTIN||UN|00|19053100||00||18,00||
|0220|UN|1,000000|
|0200|1|BISC.POLVILHO E GOSTOSO 30G|SEM GTIN||UN|00|19059090||00||0,00||
|0220|UN|1,000000|
|0200|1|BISC.POLVILHO MURIAE 80G|SEM GTIN||UN|00|19059090||00||0,00||
|0220|UN|1,000000|
|0200|1|BISC.RECH.BRIGAD.PIRAQUE 160G|7896024760432||UN|00|19053100||00||0,00||
|0220|UN|1,000000|
|0200|1|BISC.RECH.BRIGAD.PIRAQUE 160G|SEM GTIN||UN|00|19053100||00||0,00||
|0220|UN|1,000000|
|0200|1|BISC.RECH.CHOC.PANCO 140G|SEM GTIN||UN|00|19059090||00||0,00||
|0220|UN|1,000000|
|0200|1|BISC.RECH.CHOC.PIRAQUE 160G|7896024760357||UN|00|19053100||00||0,00||
|0220|UN|1,000000|
|0200|1|BISC.RECH.CHOC.PIRAQUE 160G|SEM GTIN||UN|00|19053100||00||0,00||
|0220|UN|1,000000|
|0200|1|BISC.RECH.COCO PIRAQUE 160G|SEM GTIN||UN|00|19053100||00||0,00||
|0220|UN|1,000000|
|0200|1|BISC.RECH.LIMAO PIRAQUE 160G|SEM GTIN||UN|00|19053100||00||0,00||
|0220|UN|1,000000|
|0200|1|BISC.RECH.LIMAO PIRAQUE 160G|SEM GTIN||UN|00|19059090||00||0,00||
|0220|UN|1,000000|
|0200|1|BISC.RECH.MORANGO PIRAQUE 160G|SEM GTIN||UN|00|19059090||00||0,00||
|0220|UN|1,000000|
|0200|1|BISC.RECH.NEGRESCO 100G|SEM GTIN||UN|00|19053100||00||0,00||
|0220|UN|1,000000|
|0200|1|BISC.RECH.NEGRESCO CHOC.100G|SEM GTIN||UN|00|19059090||00||0,00||
|0220|UN|1,000000|
|0200|1|BISC.RECH.PANCO G.BLACK 140G|SEM GTIN||UN|00|19053100||00||0,00||
|0220|UN|1,000000|
|0200|1|BISC.RECH.PANCO MOR.140G|SEM GTIN||UN|00|19053100||00||0,00||
|0220|UN|1,000000|
|0200|1|BISC.RECH.PRETTY PIRAQUE 160G|SEM GTIN||UN|00|19059090||00||0,00||
|0220|UN|1,000000|
|0200|1|BISC.RENATA CREAM CRACKER 360G (20)|7896022205164||CX|00|19053100||00||18,00||
|0220|CX|1,000000|
|0200|1|BISC.RENATA MAIZENA 360G (20)|7896022205201||CX|00|19053100||00||18,00||
|0220|CX|1,000000|
|0200|1|BISC.RICHESTER CREAM CRACKER|27891152801549||CXA1|00|19053100||00||18,00||
|0220|CXA1|1,000000|
|0200|1|BISC.SALG.ORIG.PIRAQUE 138G|SEM GTIN||UN|00|19053100||00||0,00||
|0220|UN|1,000000|
|0200|1|BISC.SALG.TORCIDA CEB.70G|SEM GTIN||UN|00|19059090||00||0,00||
|0220|UN|1,000000|
|0200|1|BISC.SALG.TORCIDA QJ 70G|SEM GTIN||UN|00|19059090||00||0,00||
|0220|UN|1,000000|
|0200|1|BISC.TEMPERADO P.DO SABOR 145G|SEM GTIN||UN|00|19059090||00||0,00||
|0220|UN|1,000000|
|0200|1|BISC.TORCIDA BACON 70G|SEM GTIN||UN|00|19059090||00||0,00||
|0220|UN|1,000000|
|0200|1|BISC.TORT.ADRIA BRIG.140G|SEM GTIN||UN|00|19059090||00||0,00||
|0220|UN|1,000000|
|0200|1|BISC.TORT.ADRIA LIMAO 140G|SEM GTIN||UN|00|19059090||00||0,00||
|0220|UN|1,000000|
|0200|1|BISC.TORT.ADRIA MOR.140G|SEM GTIN||UN|00|19053100||00||0,00||
|0220|UN|1,000000|
|0200|1|BISC.TRAKINAS CHOC 126G|SEM GTIN||UN|00|19053100||00||0,00||
|0220|UN|1,000000|
|0200|1|BISC.VISCONTI WAFER 48X120G CHOCOLATE|7891962035529||CXA|00|19053200||00||12,00||
|0220|CXA|1,000000|
|0200|1|BISC.VISCONTI WAFER 48X120G MORANGO|7891962035536||CXA|00|19053200||00||12,00||
|0220|CXA|1,000000|
|0200|1|BISC.WAFER MORANGO CADORE 120G|SEM GTIN||UN|00|19053200||00||0,00||
|0220|UN|1,000000|
|0200|1|BISC.WAFER PIRAQUE 100G|SEM GTIN||UN|00|19053200||00||0,00||
|0220|UN|1,000000|
|0200|1|BISC.WAFER TUB-IN MOR.48G|SEM GTIN||UN|00|19053200||00||0,00||
|0220|UN|1,000000|
|0200|1|BISCOITO COOKIES CHOC 80G|SEM GTIN||UN|00|19053200||00||0,00||
|0220|UN|1,000000|
|0200|1|BISCOITO CR. CRACKER 400G|SEM GTIN||UN|00|19053100||00||0,00||
|0220|UN|1,000000|
|0200|1|BISCOITO CR. CRACKER 400G|SEM GTIN||UN|00|19053100||00||18,00||
|0220|UN|1,000000|
|0200|1|BISCOITO CR. CRACKER GERGELIM|SEM GTIN||UN|00|19059090||00||18,00||
|0220|UN|1,000000|
|0200|1|BISCOITO MAIZENA|SEM GTIN||UN|00|19053100||00||0,00||
|0220|UN|1,000000|
|0200|1|BISCOITO MAIZENA|SEM GTIN||UN|00|19053100||00||18,00||
|0220|UN|1,000000|
|0200|1|BISCOITO RECHEADO TORTUGUITA CHOC 86G|SEM GTIN||UN|00|19053100||00||0,00||
|0220|UN|1,000000|
|0200|1|BISCOITO RECHEADO TORTUGUITA MORANGO 86G|SEM GTIN||UN|00|19059090||00||0,00||
|0220|UN|1,000000|
|0200|1|BISCOITO SALGADO JOGADA 45G|SEM GTIN||UN|00|19059090||00||0,00||
|0220|UN|1,000000|
|0200|1|BISNAG INT PANCO 300G|SEM GTIN||UN|00|19059090||00||0,00||
|0220|UN|1,000000|
|0200|1|BISNAGA INDIVIDUAL MAI|7895099931655||Un|00|39241000||00||0,00||
|0220|Un|1,000000|
|0200|1|BISNAGUINHA PANCO 300G|SEM GTIN||UN|00|19059090||00||0,00||
|0220|UN|1,000000|
|0200|1|BLFormigueiro300|7891203063359||UN|00|19052090||00||18,00||
|0220|UN|1,000000|
|0200|1|BLGotasSbChoc300|7891203063342||UN|00|19052090||00||18,00||
|0220|UN|1,000000|
|0200|1|BMaisena 200|7891203058119||UN|00|19053100||00||18,00||
|0220|UN|1,000000|
|0200|1|BOBINA ESTRELA M 33X45X600 C/6 UNIPLASTC|SEM GTIN||CX|00|39209990||00||0,00||
|0220|CX|1,000000|
|0200|1|BOBINA ESTRELA M 33X45X600 UNIPLASTIC|SEM GTIN||UND|00|39209990||00||0,00||
|0220|UND|1,000000|
|0200|1|BOBINA TERMICA 80X40 PDV CX|SEM GTIN||CX|00|48119010||00||0,00||
|0220|CX|1,000000|
|0200|1|BOL CHOCOBOY PANC 300G|SEM GTIN||UN|00|19052090||00||0,00||
|0220|UN|1,000000|
|0200|1|BOLA DA PE KG|SEM GTIN||KG|00|07101000||00||0,00||
|0220|KG|1,000000|
|0200|1|BOLAS DE ALGODAO APOLO 25G|SEM GTIN||UN|00|30051090||00||0,00||
|0220|UN|1,000000|
|0200|1|BOLINHAS DE SABAO FEST.60ML|SEM GTIN||UN|00|95030099||00||18,00||
|0220|UN|1,000000|
|0200|1|BOLO BOLEVE 600G|SEM GTIN||UN|00|19059090||00||18,00||
|0220|UN|1,000000|
|0200|1|BOLO CASEIRO 01|SEM GTIN||UN|00|19059090||00||0,00||
|0220|UN|1,000000|
|0200|1|BOLO DE CHOCOLATE KG|SEM GTIN||KG|00|07019000||00||0,00||
|0220|KG|1,000000|
|0200|1|BOLO DE FUBA KG|SEM GTIN||KG|00|07101000||00||0,00||
|0220|KG|1,000000|
|0200|1|BOLO PANCO ABACX 300G|SEM GTIN||UN|00|19052090||00||0,00||
|0220|UN|1,000000|
|0200|1|BOLO PANCO CHOC 300G|SEM GTIN||UN|00|19052090||00||0,00||
|0220|UN|1,000000|
|0200|1|BOLO PANCO COCO 300G|SEM GTIN||UN|00|19052090||00||0,00||
|0220|UN|1,000000|
|0200|1|BOLO PANCO GOTAS 300G|SEM GTIN||UN|00|19052090||00||0,00||
|0220|UN|1,000000|
|0200|1|BOLO PANCO LARAN 300G|SEM GTIN||UN|00|19052090||00||0,00||
|0220|UN|1,000000|
|0200|1|BOLO PANFI BAUN 70G|SEM GTIN||UN|00|19052090||00||0,00||
|0220|UN|1,000000|
|0200|1|BOLO SABORES KG|SEM GTIN||KG|00|07101000||00||0,00||
|0220|KG|1,000000|
|0200|1|BOLSA RETORNAVEL BRASIL|SEM GTIN||UN|00|39232190||00||18,00||
|0220|UN|1,000000|
|0200|1|BOLSA SORTIDA|SEM GTIN||Un|00|42022210||00||0,00||
|0220|Un|1,000000|
|0200|1|BOM AR AIR WICK LAVANDA 360ML|SEM GTIN||UN|00|33074900||00||18,00||
|0220|UN|1,000000|
|0200|1|BOM AR LAVANDA 360ML|7891035537943||UN|00|33074900||00||18,00||
|0220|UN|1,000000|
|0200|1|BOM BRIL 60G ECO|SEM GTIN||UN|00|73231000||00||0,00||
|0220|UN|1,000000|
|0200|1|BOMBOM SABORES UNIDADE|SEM GTIN||UN|00|18069000||00||0,00||
|0220|UN|1,000000|
|0200|1|BOMBONS GAROTO CX 250G|SEM GTIN||UN|00|18069000||00||0,00||
|0220|UN|1,000000|
|0200|1|BOMBRIL 4UN 60G|SEM GTIN||UN|00|73231000||00||0,00||
|0220|UN|1,000000|
|0200|1|BONECA COL.BALANCINHO MENINA 26CM 576|SEM GTIN||UN|00|95030022||00||18,00||
|0220|UN|1,000000|
|0200|1|BONECA COL.ESCORREGADOR MENINA 28,5CM 581|SEM GTIN||UN|00|95030022||00||18,00||
|0220|UN|1,000000|
|0200|1|BONECA MICY CABELO NEGRA CX42CM 776|SEM GTIN||UN|00|95030022||00||18,00||
|0220|UN|1,000000|
|0200|1|BONECA MICY CHUCA CX42CM 772|SEM GTIN||UN|00|95030022||00||18,00||
|0220|UN|1,000000|
|0200|1|BONECA MICY FAZ XIXI CX42CM 774|SEM GTIN||UN|00|95030022||00||18,00||
|0220|UN|1,000000|
|0200|1|BORRACHA ESCOLAR MERCUR|SEM GTIN||UN|00|40169990||00||18,00||
|0220|UN|1,000000|
|0200|1|BORRACHA MERCUR N20 C/20|SEM GTIN||CX|00|40169200||00||18,00||
|0220|CX|1,000000|
|0200|1|BORRACHA PANELA PRESSAO AM C/10|SEM GTIN||UN|00|56074900||00||0,00||
|0220|UN|1,000000|
|0200|1|BOTA VULCAB.BC PVC C/MED.C/F 42|7891287320645||PR|00|64019200||00||12,00||
|0220|PR|1,000000|
|0200|1|BPao de Mel 500|7891203021304||UN|00|19053100||00||18,00||
|0220|UN|1,000000|
|0200|1|BRAHMA CHOPP GFA VD 1L COM TTC|7891149103041||Dz|00|22030000||00||18,00||
|0220|Dz|1,000000|
|0200|1|BRAHMA CHOPP GFA VD 300ML CX C/23|7891149105151||cx|00|22030000||00||18,00||
|0220|cx|1,000000|
|0200|1|BRAHMA CHOPP LT 473ML SH C/12 NPAL|7891149102303||cx|00|22030000||00||18,00||
|0220|cx|1,000000|
|0200|1|BRAHMA CHOPP ZERO LATA 350ML SH C/12 NPAL|7891149104949||cx|00|22029100||00||18,00||
|0220|cx|1,000000|
|0200|1|BRILHA MOVEIS DESTAC 200ML (24)|7891035516009||UN|00|34052000||00||18,00||
|0220|UN|1,000000|
|0200|1|BRIOCHE RECHEADO C/ QUEIJO E PRES. UNID|SEM GTIN||UN|00|19059090||00||18,00||
|0220|UN|1,000000|
|0200|1|BROA DE MILHO/ COCO OU HAMBURGAO UNID.|SEM GTIN||UN|00|07019000||00||0,00||
|0220|UN|1,000000|
|0200|1|BROA DE MILHO/COCO PQ C/9|SEM GTIN||UN|00|07101000||00||0,00||
|0220|UN|1,000000|
|0200|1|BRechBaunilGB140|7891203063274||UN|00|19053100||00||18,00||
|0220|UN|1,000000|
|0200|1|BRechChocola140g|7891203063243||UN|00|19053100||00||18,00||
|0220|UN|1,000000|
|0200|1|BRechMorango140g|7891203063250||UN|00|19053100||00||18,00||
|0220|UN|1,000000|
|0200|1|BRechMousseGB140|7891203063564||UN|00|19053100||00||18,00||
|0220|UN|1,000000|
|0200|1|BRecheTrufado140|7891203063229||UN|00|19053100||00||18,00||
|0220|UN|1,000000|
|0200|1|BRosqCocoTica500|7891203021908||UN|00|19053100||00||18,00||
|0220|UN|1,000000|
|0200|1|BRosquinChoco500|7891203021168||UN|00|19053100||00||18,00||
|0220|UN|1,000000|
|0200|1|BRosquinCoco 350|7891203063465||UN|00|19053100||00||18,00||
|0220|UN|1,000000|
|0200|1|BRosquinNata 500|7891203021205||UN|00|19053100||00||18,00||
|0220|UN|1,000000|
|0200|1|BSublicrainte200|7891203051103||UN|00|19053100||00||18,00||
|0220|UN|1,000000|
|0200|1|BUCHA V. OVAL C/ ESPUMA C. PEREIRA - 01 DUZ|SEM GTIN||FD|00|14049090||00||12,00||
|0220|FD|1,000000|
|0200|1|BUCHO CONGELADO DE BOVINO CX|07898184833278||KG|00|05040090||00||12,00||
|0220|KG|1,000000|
|0200|1|BUCHO KG|SEM GTIN||KG|00|05040090||00||0,00||
|0220|KG|1,000000|
|0200|1|BWaferChoc 140|7891203057075||UN|00|19053200||00||18,00||
|0220|UN|1,000000|
|0200|1|BWaferGBlBaun140|7891203058607||UN|00|19053200||00||18,00||
|0220|UN|1,000000|
|0200|1|BWaferGBlChSu140|7891203058614||UN|00|19053200||00||18,00||
|0220|UN|1,000000|
|0200|1|BWaferLimao 140|7891203058577||UN|00|19053200||00||18,00||
|0220|UN|1,000000|
|0200|1|BWaferMorango140|7891203057068||UN|00|19053200||00||18,00||
|0220|UN|1,000000|
|0200|1|Biscoito Trakinas Chocolate..126g|17622210592764||CX54|00|19053100||00||12,00||
|0220|CX54|1,000000|
|0200|1|Biscoito Trakinas Morango..126g|17622210592795||CX54|00|19053100||00||12,00||
|0220|CX54|1,000000|
|0200|1|BlBebezChoc 2/70|7891203055262||UN|00|19052090||00||18,00||
|0220|UN|1,000000|
|0200|1|BlBebezMoran2 70|7891203055248||UN|00|19052090||00||18,00||
|0220|UN|1,000000|
|0200|1|BlPanqBaunBaun70|7891203056627||UN|00|19052090||00||18,00||
|0220|UN|1,000000|
|0200|1|BlPanqBaunMora70|7891203058041||UN|00|19052090||00||18,00||
|0220|UN|1,000000|
|0200|1|BlPanqDuploCho70|7891203057778||UN|00|19052090||00||18,00||
|0220|UN|1,000000|
|0200|1|BoloAbacaxi 300|7891203059321||UN|00|19052090||00||18,00||
|0220|UN|1,000000|
|0200|1|BoloChocoboy 300|7891203059345||UN|00|19052090||00||18,00||
|0220|UN|1,000000|
|0200|1|BoloChocolate300|7891203059352||UN|00|19052090||00||18,00||
|0220|UN|1,000000|
|0200|1|BoloCoco 300|7891203059338||UN|00|19052090||00||18,00||
|0220|UN|1,000000|
|0200|1|BoloLaranja 300|7891203059314||UN|00|19052090||00||18,00||
|0220|UN|1,000000|
|0200|1|BoloMilho 300 ContÃ©m milho e soja transgÃªnicos|7891203059482||UN|00|19052090||00||18,00||
|0220|UN|1,000000|
|0200|1|C ALI HAIRLIFE RE&NAT|SEM GTIN||UN|00|33052000||00||0,00||
|0220|UN|1,000000|
|0200|1|CABIDE ADULTO PS BRANCO 7MM C/3 488|SEM GTIN||CJ|00|39249000||00||18,00||
|0220|CJ|1,000000|
|0200|1|CABIDE INFANTIL AZUL C/5 3209|SEM GTIN||CT|00|39249000||00||18,00||
|0220|CT|1,000000|
|0200|1|CABIDE INFANTIL ROSA C/5 3207|SEM GTIN||CT|00|39249000||00||18,00||
|0220|CT|1,000000|
|0200|1|CABO DE DADOS P/CELULAR TYPE C KAP312-TY|SEM GTIN||UN|00|85444200||00||18,00||
|0220|UN|1,000000|
|0200|1|CABO LIGHTNING 1MT|SEM GTIN||UN|00|85444900||00||0,00||
|0220|UN|1,000000|
|0200|1|CABO USB|SEM GTIN||UN|00|85444900||00||0,00||
|0220|UN|1,000000|
|0200|1|CABO V8 USB/MICRO USB 1M|SEM GTIN||UN|00|85444900||00||0,00||
|0220|UN|1,000000|
|0200|1|CACHACA CAMELINHO 500ML|SEM GTIN||UN|00|22084000||00||17,00||
|0220|UN|1,000000|
|0200|1|CAD C.D.COST.1/4 96FLS MASCULINO 6900.8 C/5|SEM GTIN||PT|00|48202000||00||0,00||
|0220|PT|1,000000|
|0200|1|CAD.C.D.COST.1/4 48FLS AZ 1205-1 C/5 64-5|SEM GTIN||PT|00|48202000||00||0,00||
|0220|PT|1,000000|
|0200|1|CAD.C.D.COST.1/4 48FLS VD 1207-5 C/5 66-9|SEM GTIN||PT|00|48202000||00||0,00||
|0220|PT|1,000000|
|0200|1|CAD.C.D.COST.1/4 96FLS SNOWBALL 0588-6 C/5|SEM GTIN||PT|00|48202000||00||0,00||
|0220|PT|1,000000|
|0200|1|CAD.C.D.COST.OF.96FLS VD 1222-8 C/5 62-1|SEM GTIN||PT|00|48202000||00||0,00||
|0220|PT|1,000000|
|0200|1|CAD.C.D.ESP.1/4 96FLS CLUBE COL.39392 C/5|SEM GTIN||PT|00|48202000||00||0,00||
|0220|PT|1,000000|
|0200|1|CAD.UNIV.C.D.10X1 160FLS IT'S COOL 1321-8 C/4|SEM GTIN||PT|00|48202000||00||0,00||
|0220|PT|1,000000|
|0200|1|CAD.UNIV.C.D.1X1 80FLS IT'S COOL 1320-1 C/4|SEM GTIN||PT|00|48202000||00||0,00||
|0220|PT|1,000000|
|0200|1|CAD.UNIV.C.D.1X1 96FLS D+ FEMENINO C/4 593893|SEM GTIN||PT|00|48202000||00||0,00||
|0220|PT|1,000000|
|0200|1|CAD.UNIV.C.D.1X1 96FLS D+ MASCULINO C/4 590967|SEM GTIN||PT|00|48202000||00||0,00||
|0220|PT|1,000000|
|0200|1|CAD.UNIV.C.D.20X1 320FLS FLIGTH 1339-3 C/2|SEM GTIN||PT|00|48202000||00||0,00||
|0220|PT|1,000000|
|0200|1|CAD.UNIV.C.D.20X1 320FLS POWER GIRL 1333-1 C/2|SEM GTIN||PT|00|48202000||00||0,00||
|0220|PT|1,000000|
|0200|1|CADERNETA 1/16 ESP.FLEXIVEL 40FLS 075-1 C/40|SEM GTIN||PT|00|48202000||00||0,00||
|0220|PT|1,000000|
|0200|1|CADERNETA 1/8 ESP.CAPA DURA 80FLS 1268-6 C/10|SEM GTIN||PT|00|48202000||00||0,00||
|0220|PT|1,000000|
|0200|1|CADERNETA 1/8 ESP.CAPA DURA 80FLS C/10 0074-4|SEM GTIN||PT|00|48202000||00||0,00||
|0220|PT|1,000000|
|0200|1|CAFE EVOLUTTO E F 250G|SEM GTIN||UN|00|09012100||00||18,00||
|0220|UN|1,000000|
|0200|1|CAFE EVOLUTTO EXT.F 500G|7896046900236||UN|00|09012100||00||18,00||
|0220|UN|1,000000|
|0200|1|CAFE EVOLUTTO EXT.F 500G|SEM GTIN||UN|00|09012100||00||18,00||
|0220|UN|1,000000|
|0200|1|CAFE MELITA TRAD.250G|SEM GTIN||UN|00|09012100||00||18,00||
|0220|UN|1,000000|
|0200|1|CAFE MELITA TRAD.500g|SEM GTIN||UN|00|09012100||00||18,00||
|0220|UN|1,000000|
|0200|1|CAFE MELITTA TRAD. 250G|SEM GTIN||UN|00|09012100||00||18,00||
|0220|UN|1,000000|
|0200|1|CAFE PILAO 250G|SEM GTIN||UN|00|09012100||00||18,00||
|0220|UN|1,000000|
|0200|1|CAFE PIMP TRAD 250G|SEM GTIN||UN|00|09012100||00||18,00||
|0220|UN|1,000000|
|0200|1|CAFE PIMPINELA|SEM GTIN||KG|00|09012100||00||0,00||
|0220|KG|1,000000|
|0200|1|CAFE PIMPINELA|SEM GTIN||KG|00|09012100||00||18,00||
|0220|KG|1,000000|
|0200|1|CAFE PIMPINELA EXT.F 500G|SEM GTIN||UN|00|09012100||00||18,00||
|0220|UN|1,000000|
|0200|1|CAFE PIMPINELA G 250G|SEM GTIN||UN|00|09012100||00||18,00||
|0220|UN|1,000000|
|0200|1|CAFE PIMPINELA G 500G|SEM GTIN||UN|00|09012100||00||18,00||
|0220|UN|1,000000|
|0200|1|CAFE PIMPINELA TR 500ML|7896081800034||UN|00|09012100||00||18,00||
|0220|UN|1,000000|
|0200|1|CAFE PIMPINELA TR 500ML|SEM GTIN||UN|00|09012100||00||18,00||
|0220|UN|1,000000|
|0200|1|CAFE PIMPINELA TRAD. 100G|SEM GTIN||UN|00|09012100||00||18,00||
|0220|UN|1,000000|
|0200|1|CAFE TM PIMP GOLD 5S 10X500G|37896081800196||CX|00|09012100||00||18,00||
|0220|CX|1,000000|
|0200|1|CAFE TM PIMP GOLD SPACK 20X250G|27896081800182||CX|00|09012100||00||18,00||
|0220|CX|1,000000|
|0200|1|CAFE TM PIMP TRAD ALM 50X100G|17896081800017||FD|00|09012100||00||18,00||
|0220|FD|1,000000|
|0200|1|CAFE TM PIMP TRAD SPACK 10X500G|37896081800035||CX|00|09012100||00||18,00||
|0220|CX|1,000000|
|0200|1|CAFE TM PIMP TRAD SPACK 20X250G|27896081800021||CX|00|09012100||00||18,00||
|0220|CX|1,000000|
|0200|1|CAIXA DE GUARANA COM ACAI|SEM GTIN||pc|00|22021000||00||0,00||
|0220|pc|1,000000|
|0200|1|CAIXA DE GUARANA NATURAL|SEM GTIN||un|00|22021000||00||0,00||
|0220|un|1,000000|
|0200|1|CAIXA GOURMET 8L|SEM GTIN||UN|00|39249000||00||18,00||
|0220|UN|1,000000|
|0200|1|CALCULADORA DE MESA PIL.12 DIG.15CM CORES TD837C|SEM GTIN||UN|00|84701000||00||18,00||
|0220|UN|1,000000|
|0200|1|CALD BACON KNORR 57G|SEM GTIN||UN|00|21041011||00||18,00||
|0220|UN|1,000000|
|0200|1|CALDO KNNOR|SEM GTIN||UN|00|21041011||00||18,00||
|0220|UN|1,000000|
|0200|1|CALDO KNNOR|SEM GTIN||UN|00|21041019||00||0,00||
|0220|UN|1,000000|
|0200|1|CALDO KNOR CARNE 57G|7891150012318||UN|00|21041011||00||18,00||
|0220|UN|1,000000|
|0200|1|CALDO KNOR CARNE 57G|SEM GTIN||UN|00|21041011||00||18,00||
|0220|UN|1,000000|
|0200|1|CALDO KNORR 114GR GAL (80)|7894000000350||UN|00|21041011||00||18,00||
|0220|UN|1,000000|
|0200|1|CALDO KNORR 57GR BACON 10UN (16)|7894000033860||UN|00|21041011||00||18,00||
|0220|UN|1,000000|
|0200|1|CALDO KNORR 57GR CARN 10 UN (16)|7891150012318||UN|00|21041011||00||18,00||
|0220|UN|1,000000|
|0200|1|CALDO KNORR 57GR COST 10UN (16)|7894000033808||UN|00|21041011||00||18,00||
|0220|UN|1,000000|
|0200|1|CALDO KNORR 57GR GAL 10UN (16)|7894000000275||UN|00|21041011||00||18,00||
|0220|UN|1,000000|
|0200|1|CALDO KNORR CARNE 114GR R.0364|7891150012363||PCA|00|21041011||00||12,00||
|0220|PCA|1,000000|
|0200|1|CALDO KNORR COSTEL 57G|SEM GTIN||UN|00|21041011||00||18,00||
|0220|UN|1,000000|
|0200|1|CALDO KNORR GALIN 57G|SEM GTIN||UN|00|21041011||00||18,00||
|0220|UN|1,000000|
|0200|1|CALDO KNORR GALINHA 114GR R.205334|7894000000350||PCA|00|21041011||00||12,00||
|0220|PCA|1,000000|
|0200|1|CALDO KNORR PICANHA 114G|7891150007260||UN|00|21041011||00||18,00||
|0220|UN|1,000000|
|0200|1|CALENDARIO DE MADEIRA 1356|SEM GTIN||UN|00|40151900||00||18,00||
|0220|UN|1,000000|
|0200|1|CANECA 0 375ML FLAMENGO NACAO 8602793|SEM GTIN||UN|00|70134900||00||0,00||
|0220|UN|1,000000|
|0200|1|CANECA 0 375ML FLAMENGO URUBU 8602762|SEM GTIN||UN|00|70134900||00||0,00||
|0220|UN|1,000000|
|0200|1|CANECA DE CHOPP ALUM.600/550ML RUBRO NEGRO|SEM GTIN||UN|00|76151000||00||18,00||
|0220|UN|1,000000|
|0200|1|CANECA MILENE 500ML FLAMENGO BICAMPEAO 8608320|SEM GTIN||UN|00|70134900||00||0,00||
|0220|UN|1,000000|
|0200|1|CANELA EM CASCA 10G|7898079290087||UN|00|09061100||00||18,00||
|0220|UN|1,000000|
|0200|1|CANELA EM CASCA ITALIANINHO 10G|SEM GTIN||UN|00|09061100||00||18,00||
|0220|UN|1,000000|
|0200|1|CANELA EM PO ITALIANINHO 10G|SEM GTIN||UN|00|09062000||00||18,00||
|0220|UN|1,000000|
|0200|1|CANELA PO ITALIN 30G|SEM GTIN||UN|00|09062000||00||18,00||
|0220|UN|1,000000|
|0200|1|CANETA BIC UNIDADE|SEM GTIN||UN|00|96081000||00||0,00||
|0220|UN|1,000000|
|0200|1|CANINHA CHORA RITA 500ML|SEM GTIN||UN|00|22084000||00||17,00||
|0220|UN|1,000000|
|0200|1|CANJIQUINHA 20/1 KG|17896016500081||EN|00|11031300||00||18,00||
|0220|EN|1,000000|
|0200|1|CANJIQUINHA 20/500 G|17896016500142||EN|00|11031300||00||18,00||
|0220|EN|1,000000|
|0200|1|CANTONEIRA P/BANHEIRO PLAST 35CM 6140|SEM GTIN||UN|00|39249000||00||18,00||
|0220|UN|1,000000|
|0200|1|CANTONEIRA PLAST.PORTA SHAMPOO 28CM 096|SEM GTIN||UN|00|39249000||00||18,00||
|0220|UN|1,000000|
|0200|1|CANUDOS REFRESQUE S.LONGO|SEM GTIN||UN|00|39241000||00||0,00||
|0220|UN|1,000000|
|0200|1|CARE KG|SEM GTIN||UN|00|02032900||00||12,00||
|0220|UN|1,000000|
|0200|1|CARINHO OLE FD 20M 6/12|7896339812031||FD|00|48181000||00||18,00||
|0220|FD|1,000000|
|0200|1|CARINHO PREMIUM SOFT  FD 20M 6|7896339811157||FD|00|48181000||00||18,00||
|0220|FD|1,000000|
|0200|1|CARNE ENLATADA ANGLO 320G|SEM GTIN||UN|00|16025000||00||0,00||
|0220|UN|1,000000|
|0200|1|CARNE MOIDA|SEM GTIN||KG|00|02013000||00||12,00||
|0220|KG|1,000000|
|0200|1|CARNE SECA|SEM GTIN||KG|00|02102000||00||0,00||
|0220|KG|1,000000|
|0200|1|CARNE SECA|SEM GTIN||KG|00|02102000||00||18,00||
|0220|KG|1,000000|
|0200|1|CARNE SECA DIANTEIRA KG|SEM GTIN||KG|00|02102000||00||18,00||
|0220|KG|1,000000|
|0200|1|CARNE SECA P A KG|SEM GTIN||KG|00|02102000||00||18,00||
|0220|KG|1,000000|
|0200|1|CARNE TEMPERADA CONGELADA DE SUINO SEM OSSO - PICANHA|17896716304064||KG|00|02032900||00||18,00||
|0220|KG|1,000000|
|0200|1|CARRE CONG SUINO COSSO CX NPINDIV|7898335587746||KG|00|02032900||00||12,00||
|0220|KG|1,000000|
|0200|1|CARRE KG|SEM GTIN||KG|00|02032900||00||0,00||
|0220|KG|1,000000|
|0200|1|CARRE SUINO C/VERT CG MI|17894904001955||CX|00|02032900||00||12,00||
|0220|CX|1,000000|
|0200|1|CARREGADOR 3.1 ALTOMEX TIPO C 9013-TY|SEM GTIN||UN|00|85044010||00||18,00||
|0220|UN|1,000000|
|0200|1|CARTEIRA DE PLASTICO|7899101112834||Un|00|42023200||00||0,00||
|0220|Un|1,000000|
|0200|1|CARTELA ADESIVO|7899101141964||Un|00|35069190||00||0,00||
|0220|Un|1,000000|
|0200|1|CARTELA COM ADESIVO 30X48|7899101145498||Un|00|35069190||00||0,00||
|0220|Un|1,000000|
|0200|1|CARTELA DE ADESIVOS|7899101141971||Un|00|35069190||00||0,00||
|0220|Un|1,000000|
|0200|1|CARTELA DE ADESIVOS|7899101141995||Un|00|35069190||00||0,00||
|0220|Un|1,000000|
|0200|1|CARTELA DE ADESIVOS|7899101142039||Un|00|35069190||00||0,00||
|0220|Un|1,000000|
|0200|1|CARTELA DE OVOS C/30UN|SEM GTIN||UN|00|04072100||00||0,00||
|0220|UN|1,000000|
|0200|1|CARTOLINA BRANCA 66X50CM|SEM GTIN||UN|00|48025699||00||0,00||
|0220|UN|1,000000|
|0200|1|CARTOLINA ESCOLAR BRCA 50X66 150G|7908248100014||%|00|48025793||00||12,00||
|0220|%|1,000000|
|0200|1|CARVAO 3,KG|SEM GTIN||UN|00|44029000||00||18,00||
|0220|UN|1,000000|
|0200|1|CASA & CUIDADO 500ML|SEM GTIN||UN|00|38089419||00||18,00||
|0220|UN|1,000000|
|0200|1|CASA & PER SENSUALID 500ML|SEM GTIN||UN|00|34025000||00||0,00||
|0220|UN|1,000000|
|0200|1|CASA & PERF AGRADAB 500ML|SEM GTIN||UN|00|34025000||00||0,00||
|0220|UN|1,000000|
|0200|1|CATCHUP PREDILECTA 24X200GR TRADICIONAL|7896292301412||CXA|00|21032010||00||12,00||
|0220|CXA|1,000000|
|0200|1|CATUABA SELVAGEM 1L|SEM GTIN||UN|00|22060090||00||37,00||
|0220|UN|1,000000|
|0200|1|CC ORIGINAL PET 2L+250ML GT CX 06UN|27894900027062||CX|00|22021000||00||16,00||
|0220|CX|1,000000|
|0200|1|CC PLUS CAFE ESPRESSO LT 220ML CX 12UN|27894900025013||CX|00|22021000||00||16,00||
|0220|CX|1,000000|
|0200|1|CD SORRISO 70GR TP LIMP COMP L12P9 (12)|7891024039854||UN|00|33061000||00||18,00||
|0220|UN|1,000000|
|0200|1|CD-SORRISO FRESH 90 HORT EXP CX6|7891528038612||DZ|00|33061000||00||18,00||
|0220|DZ|1,000000|
|0200|1|CEBOLA|SEM GTIN||KG|00|07031019||00||0,00||
|0220|KG|1,000000|
|0200|1|CEBOLA|SEM GTIN||KG|00|07122000||00||0,00||
|0220|KG|1,000000|
|0200|1|CEBOLA|SEM GTIN||SC|00|07122000||00||0,00||
|0220|SC|1,000000|
|0200|1|CEBOLA 20KG|SEM GTIN||SC|00|07031019||00||0,00||
|0220|SC|1,000000|
|0200|1|CEBOLA KG|SEM GTIN||KG|00|07031019||00||0,00||
|0220|KG|1,000000|
|0200|1|CEBOLA NACIONAL CX 3 SC 20 KG|SEM GTIN||SC|00|07031019||00||0,00||
|0220|SC|1,000000|
|0200|1|CEBOLITOS 110G|7892840255541||UN|00|19041000||00||18,00||
|0220|UN|1,000000|
|0200|1|CEBOLITOS 33G|SEM GTIN||UN|00|19041000||00||0,00||
|0220|UN|1,000000|
|0200|1|CEBOLITOS 33GX54X1 DTS|7892840819637||UN|00|19041000||00||18,00||
|0220|UN|1,000000|
|0200|1|CEBOLITOS ELMA CHIPS 110G|SEM GTIN||UN|00|19041000||00||0,00||
|0220|UN|1,000000|
|0200|1|CENOURA|SEM GTIN||CX|00|07061000||00||0,00||
|0220|CX|1,000000|
|0200|1|CENOURA|SEM GTIN||KG|00|07061000||00||0,00||
|0220|KG|1,000000|
|0200|1|CENOURA KG|SEM GTIN||KG|00|07061000||00||0,00||
|0220|KG|1,000000|
|0200|1|CENTELHADOR VELA ANIV|SEM GTIN||UN|00|34060000||00||18,00||
|0220|UN|1,000000|
|0200|1|CERA L AMALIA ARD 750ML|SEM GTIN||UN|00|34059000||00||18,00||
|0220|UN|1,000000|
|0200|1|CERA LIQ.INCOLOR POLYLAR 750ML|SEM GTIN||UN|00|34059000||00||18,00||
|0220|UN|1,000000|
|0200|1|CEREAL CRUNCH NESTLE 120G|SEM GTIN||UN|00|19041000||00||0,00||
|0220|UN|1,000000|
|0200|1|CEREAL NESCAU BALL 75G|SEM GTIN||UN|00|18069000||00||0,00||
|0220|UN|1,000000|
|0200|1|CERV BUDWEISER 330ML|SEM GTIN||UN|00|22030000||00||0,00||
|0220|UN|1,000000|
|0200|1|CERV IMPERIO LT 473ML|SEM GTIN||UN|00|22030000||00||0,00||
|0220|UN|1,000000|
|0200|1|CERV ITAIPAVA LATA 473ML CX12|7897395020224||CX|00|22030000||00||18,00||
|0220|CX|1,000000|
|0200|1|CERV LOK PILS LT 473ML PCT C 12|7898377660230||PC|00|22030000||00||18,00||
|0220|PC|1,000000|
|0200|1|CERV SKOL LT 473ML|SEM GTIN||UN|00|22030000||00||0,00||
|0220|UN|1,000000|
|0200|1|CERV. ANTARC. 473ML C/12|SEM GTIN||PC|00|22030000||00||0,00||
|0220|PC|1,000000|
|0200|1|CERV. BRAHMA 473MLC/12|7891149102303||PC|00|22030000||00||0,00||
|0220|PC|1,000000|
|0200|1|CERV. BRAHMA 473MLC/12|SEM GTIN||UN|00|22030000||00||0,00||
|0220|UN|1,000000|
|0200|1|CERV. ITAIPAVA 473ML CX C/ 12|SEM GTIN||UN|00|22030000||00||0,00||
|0220|UN|1,000000|
|0200|1|CERV. SKOL 473ML C/12|7891149100828||PC|00|22030000||00||0,00||
|0220|PC|1,000000|
|0200|1|CERV.BRAHMA D.MALTE 473ML|SEM GTIN||UN|00|22030000||00||0,00||
|0220|UN|1,000000|
|0200|1|CERV.IMPERIO P.MALTE 210ML|SEM GTIN||UN|00|22030000||00||0,00||
|0220|UN|1,000000|
|0200|1|CERVEJA ANTARCTICA 473ML|SEM GTIN||UN|00|22030000||00||0,00||
|0220|UN|1,000000|
|0200|1|CERVEJA BRAHMA 473ML|SEM GTIN||UN|00|22030000||00||0,00||
|0220|UN|1,000000|
|0200|1|CERVEJA HEINEKEN LN 330ML|SEM GTIN||UN|00|22030000||00||0,00||
|0220|UN|1,000000|
|0200|1|CERVEJA IMPERIO 473ml CX/12UN.|SEM GTIN||UN|00|22030000||00||0,00||
|0220|UN|1,000000|
|0200|1|CERVEJA IMPERIO GOLD 210ML CX/18UN.|SEM GTIN||UN|00|22030000||00||0,00||
|0220|UN|1,000000|
|0200|1|CERVEJA ITAIPAVA LATAO 473ML|SEM GTIN||UN|00|22030000||00||0,00||
|0220|UN|1,000000|
|0200|1|CERVEJA LOKAL BIER 473ML|SEM GTIN||UN|00|22030000||00||0,00||
|0220|UN|1,000000|
|0200|1|CERVEJA SPATEN MUNICH 350ml|SEM GTIN||UN|00|22030000||00||0,00||
|0220|UN|1,000000|
|0200|1|CESTINHO P/PRENDEDOR DE ROUPA 18,5X10 1301|SEM GTIN||UN|00|39249000||00||18,00||
|0220|UN|1,000000|
|0200|1|CESTO REDONDO 8L|SEM GTIN||UN|00|39249000||00||18,00||
|0220|UN|1,000000|
|0200|1|CH-PO APTI PREMIUM 50% CACAU 12/200|7896327502371||CX|00|18061000||00||18,00||
|0220|CX|1,000000|
|0200|1|CHA  PRETO 13G C/10SQ|7898079292111||UN|00|09023000||00||18,00||
|0220|UN|1,000000|
|0200|1|CHA CAMOMILA ITALIANINHO 10G|SEM GTIN||UN|00|09021000||00||0,00||
|0220|UN|1,000000|
|0200|1|CHA ERVA DOCE ITALIANINHO 12G|SEM GTIN||UN|00|09021000||00||0,00||
|0220|UN|1,000000|
|0200|1|CHA KG|SEM GTIN||KG|00|02013000||00||0,00||
|0220|KG|1,000000|
|0200|1|CHA MARACUJA ITALIANINHO 13G|SEM GTIN||UN|00|09021000||00||0,00||
|0220|UN|1,000000|
|0200|1|CHA MORANGO ITALIANINHO 11G|SEM GTIN||UN|00|09021000||00||0,00||
|0220|UN|1,000000|
|0200|1|CHA PRETO ITALIANINHO 13G|SEM GTIN||UN|00|09021000||00||0,00||
|0220|UN|1,000000|
|0200|1|CHA PRETO LEAO 16G 10UN|SEM GTIN||UN|00|09021000||00||0,00||
|0220|UN|1,000000|
|0200|1|CHAMP CARNE & CEREAL 15KG|7896029074633||SACO|00|23099010||00||18,00||
|0220|SACO|1,000000|
|0200|1|CHAMPIGNON TROZZI SACHET 130G|SEM GTIN||UN|00|20031000||00||18,00||
|0220|UN|1,000000|
|0200|1|CHANTY MIX AMELIA 200ML|SEM GTIN||UN|00|21069090||00||18,00||
|0220|UN|1,000000|
|0200|1|CHAPEU EM PVC MASCULINO|7899101136991||Un|00|65069100||00||0,00||
|0220|Un|1,000000|
|0200|1|CHAPEU GRANDE|SEM GTIN||UN|00|73239300||00||18,00||
|0220|UN|1,000000|
|0200|1|CHARQUE DIANTEIRO  S  6X5 Q CHARQUE|SEM GTIN||CX|00|02102000||00||18,00||
|0220|CX|1,000000|
|0200|1|CHAVEIRO DE PLASTICO|7899101142909||Un|00|71179000||00||0,00||
|0220|Un|1,000000|
|0200|1|CHAVEIRO EM PLASTICO|7899101139237||Un|00|71179000||00||0,00||
|0220|Un|1,000000|
|0200|1|CHEETOS ASSADO LUA 40G|SEM GTIN||UN|00|19041000||00||0,00||
|0220|UN|1,000000|
|0200|1|CHEETOS ASSADO MIX 41G|SEM GTIN||UN|00|19041000||00||0,00||
|0220|UN|1,000000|
|0200|1|CHEETOS ASSADO ONDA 45G|SEM GTIN||UN|00|19041000||00||0,00||
|0220|UN|1,000000|
|0200|1|CHEETOS ASSADO ONDA 75G|SEM GTIN||UN|00|19041000||00||0,00||
|0220|UN|1,000000|
|0200|1|CHEETOS ONDA REQJ.140G|SEM GTIN||UN|00|19041000||00||0,00||
|0220|UN|1,000000|
|0200|1|CHEETOS ONDA REQUE 140GX14|7892840816261||UN|00|19041000||00||18,00||
|0220|UN|1,000000|
|0200|1|CHEETOS ONDA REQUEIJAO 75GX20|7892840816636||UN|00|19041000||00||18,00||
|0220|UN|1,000000|
|0200|1|CHEETOS PATAS 41GX48|7892840819972||UN|00|19041000||00||18,00||
|0220|UN|1,000000|
|0200|1|CHEETOS PATAS C/ANITTA 41G|SEM GTIN||UN|00|19041000||00||0,00||
|0220|UN|1,000000|
|0200|1|CHEETOS PIPOCA 45GX64|7892840814342||UN|00|19041000||00||18,00||
|0220|UN|1,000000|
|0200|1|CHICABON 62G|SEM GTIN||UN|00|21050010||00||0,00||
|0220|UN|1,000000|
|0200|1|CHICLETE FINI MELANCIA 80G|17898279794849||CX|00|17041000||00||18,00||
|0220|CX|1,000000|
|0200|1|CHICLETE FINI MELANCIA 80G|SEM GTIN||UN|00|17041000||00||18,00||
|0220|UN|1,000000|
|0200|1|CHICLETE UNID.|SEM GTIN||UN|00|17041000||00||18,00||
|0220|UN|1,000000|
|0200|1|CHIMICHURRI 10G|7898079293989||UN|00|21039021||00||18,00||
|0220|UN|1,000000|
|0200|1|CHIMICHURRI ITALIANINHO 10G|SEM GTIN||UN|00|21039021||00||0,00||
|0220|UN|1,000000|
|0200|1|CHOC BIS 45G XTRA BLACK|7622210566393||DP|00|19053200||00||18,00||
|0220|DP|1,000000|
|0200|1|CHOC BIS 45G XTRA OREO|7622210566331||DP|00|19053200||00||18,00||
|0220|DP|1,000000|
|0200|1|CHOC BIS XTRA BLACK 45G|SEM GTIN||UN|00|19053200||00||18,00||
|0220|UN|1,000000|
|0200|1|CHOC GAROTO BATON 16GR BCO 30UN TAB (32)|0000078912366||UN|00|17049010||00||18,00||
|0220|UN|1,000000|
|0200|1|CHOC GAROTO BATON 16GR LEITE 30UN TAB(32|0000078912359||UN|00|18063210||00||18,00||
|0220|UN|1,000000|
|0200|1|CHOC LACTA 20GR D NEGRO 20UN TAB (12)|7622300862299||UN|00|18063210||00||18,00||
|0220|UN|1,000000|
|0200|1|CHOC LACTA BIS XTRA 45G AO LEITE 24UN (4|7622300988470||UN|00|19053200||00||18,00||
|0220|UN|1,000000|
|0200|1|CHOC LAKA BRANCO 20G|SEM GTIN||UN|00|17049010||00||0,00||
|0220|UN|1,000000|
|0200|1|CHOC. BIS LAKA 126G|SEM GTIN||UN|00|19053200||00||0,00||
|0220|UN|1,000000|
|0200|1|CHOC. BRANCO KIT KAT 41,5G|SEM GTIN||UN|00|19053200||00||0,00||
|0220|UN|1,000000|
|0200|1|CHOC. KIT KAT 41,5G|SEM GTIN||UN|00|19053200||00||0,00||
|0220|UN|1,000000|
|0200|1|CHOC.NESTLE KIT KAT BRANCO|7891000249246||EMB3|00|19053200||00||0,00||
|0220|EMB3|1,000000|
|0200|1|CHOCOLATE 5STAR LACTA 40G|SEM GTIN||UN|00|18069000||00||0,00||
|0220|UN|1,000000|
|0200|1|CHOCOLATE BATON AO LEITE 16G|SEM GTIN||UN|00|18063210||00||0,00||
|0220|UN|1,000000|
|0200|1|CHOCOLATE BATON BRANCO 16G|SEM GTIN||UN|00|17049010||00||0,00||
|0220|UN|1,000000|
|0200|1|CHOCOLATE BATON EXTRA MILK 16G|SEM GTIN||UN|00|18063110||00||0,00||
|0220|UN|1,000000|
|0200|1|CHOCOLATE BIS 20 UND|SEM GTIN||UN|00|19053200||00||0,00||
|0220|UN|1,000000|
|0200|1|CHOCOLATE EM PO APTI 200G|SEM GTIN||UN|00|18061000||00||18,00||
|0220|UN|1,000000|
|0200|1|CHOCOLATE TALENTO 25G|SEM GTIN||UN|00|18063210||00||0,00||
|0220|UN|1,000000|
|0200|1|CHOCOLATE WAFER TRENTO BITES AO LEITE 40G|SEM GTIN||UN|00|19053200||00||0,00||
|0220|UN|1,000000|
|0200|1|CHOCOLATE WAFER TRENTO BITES AVELA AO LEITE 40G|SEM GTIN||UN|00|19053200||00||0,00||
|0220|UN|1,000000|
|0200|1|CHOCOLATE WAFER TRENTO CHEESEC.MORANGO 32G|SEM GTIN||UN|00|19053200||00||0,00||
|0220|UN|1,000000|
|0200|1|CHOCOLATE WAFER TRENTO CHOCOLATE 32G|SEM GTIN||UN|00|19053200||00||0,00||
|0220|UN|1,000000|
|0200|1|CHOCOLATE WAFER TRENTO MASSIMO CHOC. 30G|SEM GTIN||UN|00|19053200||00||0,00||
|0220|UN|1,000000|
|0200|1|CHOKITO Chocolate 18(30x32g) BR|7891000003299||EXB|00|18069000||00||0,00||
|0220|EXB|1,000000|
|0200|1|CHOKITOS NESTLE 32G|SEM GTIN||UN|00|18069000||00||0,00||
|0220|UN|1,000000|
|0200|1|CHUCHU KG|SEM GTIN||KG|00|07099990||00||0,00||
|0220|KG|1,000000|
|0200|1|CIDRA CERESER 660ML|SEM GTIN||UN|00|22060010||00||37,00||
|0220|UN|1,000000|
|0200|1|CILIOS POST.LAMO 1PAR|SEM GTIN||UN|00|67049000||00||18,00||
|0220|UN|1,000000|
|0200|1|CLASSIC Cookie Choc Gotas Choc 52x60gBR|7891000247648||UNI|00|19053100||00||18,00||
|0220|UNI|1,000000|
|0200|1|CLORO 2LT|SEM GTIN||UN|00|28289019||00||0,00||
|0220|UN|1,000000|
|0200|1|CLUB SOCIAL ORIG 144G|SEM GTIN||UN|00|19053100||00||0,00||
|0220|UN|1,000000|
|0200|1|COADOR DE CAFE ZALEANA M|SEM GTIN||UN|00|63079090||00||18,00||
|0220|UN|1,000000|
|0200|1|COADOR DE PANO P/CAFE|SEM GTIN||UN|00|63079090||00||18,00||
|0220|UN|1,000000|
|0200|1|COADOR P/CAFE FLANELIN N8|SEM GTIN||UN|00|63079090||00||18,00||
|0220|UN|1,000000|
|0200|1|COADOR P/CAFE N6 FLANELIN|SEM GTIN||UN|00|63079090||00||18,00||
|0220|UN|1,000000|
|0200|1|COALHADA ADO.C/ GRANOLA 130GAPRECIARE|7896791902554||UN|00|04039000||00||18,00||
|0220|UN|1,000000|
|0200|1|COBERTURA CH PRED 200G|SEM GTIN||UN|00|21069090||00||18,00||
|0220|UN|1,000000|
|0200|1|COBERTURA PRATICA AO LEITE 1,01KG - MAVALERIO|7896072692754||UNID|00|18069000||00||18,00||
|0220|UNID|1,000000|
|0200|1|COBERTURA PRATICA BRANCA 1,01KG - MAVALERIO|7896072692747||UNID|00|17049090||00||18,00||
|0220|UNID|1,000000|
|0200|1|COBERTURA PRATICA MEIO AMARGO 1,01KG - MAVALERIO|7896072692761||UNID|00|18069000||00||18,00||
|0220|UNID|1,000000|
|0200|1|COCA COLA 1.5LT|7894900011753||UN|00|22021000||00||0,00||
|0220|UN|1,000000|
|0200|1|COCA COLA 2,25LT|SEM GTIN||UN|00|22021000||00||0,00||
|0220|UN|1,000000|
|0200|1|COCA COLA 250ML PAC C/12|SEM GTIN||PC|00|22021000||00||0,00||
|0220|PC|1,000000|
|0200|1|COCA COLA 350ML|SEM GTIN||UN|00|22021000||00||0,00||
|0220|UN|1,000000|
|0200|1|COCA COLA ORIG. 2.250L|SEM GTIN||UN|00|22021000||00||0,00||
|0220|UN|1,000000|
|0200|1|COCA COLA PLUS CAFE 220ML|SEM GTIN||UN|00|22021000||00||0,00||
|0220|UN|1,000000|
|0200|1|COCA COLA ZERO 2.25LT|SEM GTIN||UN|00|22021000||00||0,00||
|0220|UN|1,000000|
|0200|1|COCA COLA ZERO 250ML|SEM GTIN||UN|00|22021000||00||0,00||
|0220|UN|1,000000|
|0200|1|COCA-COLA LATA 350ML CX 12UN FD|7894900010077||CX|00|22021000||00||16,00||
|0220|CX|1,000000|
|0200|1|COCA-COLA ORIGINAL PET 1,5L CX 06UN|27894900027000||CX|00|22021000||00||16,00||
|0220|CX|1,000000|
|0200|1|COCA-COLA PET 250ML CX 12UN FD|7894900012323||CX|00|22021000||00||16,00||
|0220|CX|1,000000|
|0200|1|COCA-COLA SA 2L+250ML GT CX 06UN|17894900708391||CX|00|22021000||00||16,00||
|0220|CX|1,000000|
|0200|1|COCA-COLA TRAD 250ML|SEM GTIN||UN|00|22021000||00||0,00||
|0220|UN|1,000000|
|0200|1|COCO FLOCOS MENINA 100G|SEM GTIN||UN|00|08011100||00||18,00||
|0220|UN|1,000000|
|0200|1|COCO KG|SEM GTIN||KG|00|08011900||00||0,00||
|0220|KG|1,000000|
|0200|1|COCO RAL MENINA 100G|SEM GTIN||UN|00|08011100||00||18,00||
|0220|UN|1,000000|
|0200|1|COCO RALADO FINO 1KG|7898914221351||SC|00|08011100||00||18,00||
|0220|SC|1,000000|
|0200|1|COCO RALADO INDIANO 50G|SEM GTIN||UN|00|08011100||00||18,00||
|0220|UN|1,000000|
|0200|1|COCO RALADO MEDIO 5KG|7898914221108||SC|00|08011100||00||18,00||
|0220|SC|1,000000|
|0200|1|COCO RLD UMD ADOCADO 100G|7898079293637||UN|00|08011100||00||18,00||
|0220|UN|1,000000|
|0200|1|CODIGO ABERTO|SEM GTIN||UN|00|07101000||00||0,00||
|0220|UN|1,000000|
|0200|1|COLA ESCOLAR HERO 90G C/6|SEM GTIN||PT|00|35069190||00||18,00||
|0220|PT|1,000000|
|0200|1|COLA FLEXA 2000ML/06 UN PET DESC|17896579420635||CX|00|22021000||00||16,00||
|0220|CX|1,000000|
|0200|1|COLA SUPER BONDER 3+3G|SEM GTIN||UN|00|35061090||00||18,00||
|0220|UN|1,000000|
|0200|1|COLA TEK BOND 20G|SEM GTIN||UN|00|35061090||00||18,00||
|0220|UN|1,000000|
|0200|1|COLA TEK BOND 2G|SEM GTIN||UN|00|35061010||00||18,00||
|0220|UN|1,000000|
|0200|1|COLHER DE JANTAR C.CABO DE PLAST. RJUD0073|7908256518191||Un|00|82159910||00||0,00||
|0220|Un|1,000000|
|0200|1|COLHER DE JANTAR CB DE PLAST. 6PCS RJUD0037|7908256517958||Un|00|82159910||00||0,00||
|0220|Un|1,000000|
|0200|1|COLHER DE JANTAR CB DE PLAST. 6PCS RJUD0057|7908346285330||Un|00|82159910||00||0,00||
|0220|Un|1,000000|
|0200|1|COLHER DE JANTAR CB DE PLAST. RJUD0069|7908256518153||Un|00|82159910||00||0,00||
|0220|Un|1,000000|
|0200|1|COLHER DE SILICONE 22,5CM PT 13971|SEM GTIN||UN|00|39241000||00||0,00||
|0220|UN|1,000000|
|0200|1|COLHER DESC.BELOCOPO 50UN|SEM GTIN||UN|00|39241000||00||0,00||
|0220|UN|1,000000|
|0200|1|COLORIFICO 500G|7898079290186||UN|00|21039021||00||18,00||
|0220|UN|1,000000|
|0200|1|COLORIFICO 90G|7898079290193||UN|00|21039021||00||18,00||
|0220|UN|1,000000|
|0200|1|COLORIFICO ITALIANINHO 90G|SEM GTIN||UN|00|21039021||00||0,00||
|0220|UN|1,000000|
|0200|1|COM EM PO ITAL 10G|SEM GTIN||UN|00|09093200||00||18,00||
|0220|UN|1,000000|
|0200|1|COMINHO EM PO 10G|7898079290049||UN|00|09093200||00||18,00||
|0220|UN|1,000000|
|0200|1|CON DARLING TILIA 350ML|SEM GTIN||UN|00|33059000||00||0,00||
|0220|UN|1,000000|
|0200|1|CONCENTRADO LIQUIDO - CAJU-500ML CX/24|7896859100625||CX|00|21069010||00||12,00||
|0220|CX|1,000000|
|0200|1|CONCENTRADO LIQUIDO - CAJU-980ML CX/12|7896859100618||CX|00|21069010||00||12,00||
|0220|CX|1,000000|
|0200|1|CONCENTRADO LIQUIDO - GOIABA-500ML CX/12|7896859100649||CX|00|21069010||00||12,00||
|0220|CX|1,000000|
|0200|1|CONCENTRADO LIQUIDO - MANGA-500ML CX/12|7896859100663||CX|00|21069010||00||12,00||
|0220|CX|1,000000|
|0200|1|CONCHA DE INOX SILVER 29CM 12400|SEM GTIN||UN|00|82159910||00||18,00||
|0220|UN|1,000000|
|0200|1|CONCHA HOTEL 9 - CABO ALUMINIO 2899|SEM GTIN||UN|00|76151000||00||18,00||
|0220|UN|1,000000|
|0200|1|CONCHA PLASTICA|SEM GTIN||UN|00|39241000||00||0,00||
|0220|UN|1,000000|
|0200|1|COND DARLING 350ML CERAMIDAS (6)|7891024184271||UN|00|33059000||00||37,00||
|0220|UN|1,000000|
|0200|1|COND DARLING 350ML TILIA (6)|7891024182970||UN|00|33059000||00||37,00||
|0220|UN|1,000000|
|0200|1|COND NEUTROX 100ML|SEM GTIN||UN|00|33059000||00||0,00||
|0220|UN|1,000000|
|0200|1|CONFEITO FIGURA MIL CORES CONFETE 50G - MAVALERIO|17896072648642||CX|00|17049020||00||18,00||
|0220|CX|1,000000|
|0200|1|CONFEITO FIGURA MIL CORES CORACAO 50G - MAVALERIO|17896072648659||CX|00|17049020||00||18,00||
|0220|CX|1,000000|
|0200|1|CONFEITO FIGURA MIL CORES ESTRELINHA 50G - MAVALERIO|17896072648635||CX|00|17049020||00||18,00||
|0220|CX|1,000000|
|0200|1|CONFEITO FIGURA MIL CORES MINI CONFETE 50G - MAVALERIO|17896072648628||CX|00|17049020||00||18,00||
|0220|CX|1,000000|
|0200|1|CONFEITO FIGURAS MIL CORES 50G|SEM GTIN||UN|00|17049020||00||18,00||
|0220|UN|1,000000|
|0200|1|CONFEITO MICANGA MIL CORES 150G|SEM GTIN||UN|00|17049020||00||18,00||
|0220|UN|1,000000|
|0200|1|CONFEITO MICANGA MIL CORES BRANCO/PRETO N0 150G - MAVALERIO|17896072646662||CX|00|17049020||00||18,00||
|0220|CX|1,000000|
|0200|1|CONFEITO MICANGA MIL CORES BRANCO/ROSA N0 150G - MAVALERIO|17896072646686||CX|00|17049020||00||18,00||
|0220|CX|1,000000|
|0200|1|CONFEITO TORTUGUITA 12X40G (12)|7898142863132||DISP|00|18069000||00||18,00||
|0220|DISP|1,000000|
|0200|1|CONJ. DE POTES RET 800ML LV3 PG2 3508|SEM GTIN||UN|00|39241000||00||0,00||
|0220|UN|1,000000|
|0200|1|CONJ. DE POTES RET 800MLLV3 PG2|SEM GTIN||UN|00|39241000||00||18,00||
|0220|UN|1,000000|
|0200|1|CONJ.DE LUVA E PEGADOR DE PANELA 2PCS|SEM GTIN||UN|00|63029990||00||18,00||
|0220|UN|1,000000|
|0200|1|CONJ.DE LUVA E PEGADOR DE PANELA 2PCS CLA01002|SEM GTIN||UN|00|63029990||00||18,00||
|0220|UN|1,000000|
|0200|1|CONJ.MEDIDA CERTA MULTIUSO 9221|SEM GTIN||UN|00|39249000||00||18,00||
|0220|UN|1,000000|
|0200|1|CONSERVADORA DE ALIMENTOS 4 DIV.22X5CM 050.012.001|SEM GTIN||UN|00|39241000||00||0,00||
|0220|UN|1,000000|
|0200|1|CONTONETES COTTONBABY 75UN|SEM GTIN||UN|00|56012190||00||0,00||
|0220|UN|1,000000|
|0200|1|CONTRA FILE|SEM GTIN||KG|00|02013000||00||0,00||
|0220|KG|1,000000|
|0200|1|CONTRA FILE|SEM GTIN||KG|00|02013000||00||12,00||
|0220|KG|1,000000|
|0200|1|CONTRA FILE KG|SEM GTIN||KG|00|02013000||00||12,00||
|0220|KG|1,000000|
|0200|1|CONTRA FILE PECA kg|SEM GTIN||KG|00|02013000||00||12,00||
|0220|KG|1,000000|
|0200|1|CONTRA FILE RESF BOVINO VACUO CX 21 A 27 KG|SEM GTIN||KG|00|02013000||00||12,00||
|0220|KG|1,000000|
|0200|1|CONTRA FILE RESF BOVINO VACUO CX 21 A 27KG|SEM GTIN||KG|00|02013000||00||12,00||
|0220|KG|1,000000|
|0200|1|CONTRA FILE RESFR FRIBAL 27KG|SEM GTIN||CX|00|02013000||00||12,00||
|0220|CX|1,000000|
|0200|1|COOKIE ALPINO NESTLE 60G|SEM GTIN||UN|00|19059090||00||0,00||
|0220|UN|1,000000|
|0200|1|COOKIE GALAK NESTLE 60G|SEM GTIN||UN|00|19053100||00||0,00||
|0220|UN|1,000000|
|0200|1|COOKIE INTEGRAL NESFIT 60G|SEM GTIN||UN|00|19059090||00||0,00||
|0220|UN|1,000000|
|0200|1|COOKIE NEGRESCO 60G|SEM GTIN||UN|00|19059090||00||0,00||
|0220|UN|1,000000|
|0200|1|COOKIE NESTLE 60G|SEM GTIN||UN|00|19053100||00||0,00||
|0220|UN|1,000000|
|0200|1|COPO AMERIC.N.FIG|SEM GTIN||UN|00|70133700||00||0,00||
|0220|UN|1,000000|
|0200|1|COPO AMERIC.NADIR R2010        C24|7891155003663||CX|00|70133700||00||12,00||
|0220|CX|1,000000|
|0200|1|COPO CALDERETA FLAMENGO PRESENTE 350ML 8608634|SEM GTIN||UN|00|70133700||00||0,00||
|0220|UN|1,000000|
|0200|1|COPO COLOR|SEM GTIN||UN|00|39241000||00||0,00||
|0220|UN|1,000000|
|0200|1|COPO COM BICO ANNY 350 ML 944|7908342103423||Un|00|39241000||00||0,00||
|0220|Un|1,000000|
|0200|1|COPO COM BICO JIMMY KID 350 ML|7908342103386||Un|00|39241000||00||0,00||
|0220|Un|1,000000|
|0200|1|COPO DESC COPORIO 200ML|SEM GTIN||UN|00|39241000||00||0,00||
|0220|UN|1,000000|
|0200|1|COPO DESCART.COPOMAIS 200ML|7897147500912||UN|00|33074900||00||0,00||
|0220|UN|1,000000|
|0200|1|COPO PLAST TOTALPLAST 200ML BR|SEM GTIN||UN|00|39241000||00||0,00||
|0220|UN|1,000000|
|0200|1|COPO PLAST TOTALPLAST 200ml BRANCO 100UN|17898505140037||CX|00|39241000||00||18,00||
|0220|CX|1,000000|
|0200|1|COPOS DESC. TERMOPORT 50ML|SEM GTIN||UN|00|39241000||00||0,00||
|0220|UN|1,000000|
|0200|1|COPOS DESC.TOTAL PLAST 200ML|SEM GTIN||UN|00|39241000||00||0,00||
|0220|UN|1,000000|
|0200|1|COQUETEL ALC.DUPRIMO MARAC.900ML|SEM GTIN||UN|00|22089000||00||37,00||
|0220|UN|1,000000|
|0200|1|COQUETEL ALC.DUPRIMO MENTA.900ML|SEM GTIN||UN|00|22089000||00||37,00||
|0220|UN|1,000000|
|0200|1|COQUETEL ALC.DUPRIMO PESSEGO 900ML|SEM GTIN||UN|00|22020090||00||37,00||
|0220|UN|1,000000|
|0200|1|CORACAO DE FRANGO KG|SEM GTIN||KG|00|02071400||00||0,00||
|0220|KG|1,000000|
|0200|1|CORANTE AMARELO 30ML|7898079292166||UN|00|32041830||00||18,00||
|0220|UN|1,000000|
|0200|1|CORANTE LIQ AMARELO 960ML|7895770023631||FR|00|32061130||00||18,00||
|0220|FR|1,000000|
|0200|1|CORANTE LIQ. 10ml|SEM GTIN||UN|00|32041830||00||18,00||
|0220|UN|1,000000|
|0200|1|CORANTE ROSA 30ML|7898079292203||UN|00|32041830||00||18,00||
|0220|UN|1,000000|
|0200|1|CORDA VARAL N.5 PC C/10X10|SEM GTIN||UN|00|56074900||00||0,00||
|0220|UN|1,000000|
|0200|1|CORNETO M&M\'S 62G|SEM GTIN||UN|00|21050010||00||0,00||
|0220|UN|1,000000|
|0200|1|CORNETTO UNICORNETTO|SEM GTIN||UN|00|21050010||00||0,00||
|0220|UN|1,000000|
|0200|1|CORRETIVO LIQUIDO BIC ECOLUTIONS|070330506084||DZ|00|38249929||00||12,00||
|0220|DZ|1,000000|
|0200|1|CORTADOR E RALADOR P/LEGUMES CR01|SEM GTIN||UN|00|39241000||00||0,00||
|0220|UN|1,000000|
|0200|1|CORTES CONG DE FRANGO - MEIO PEITO SEM OSSO PELE FIL-AURORA|57891164157802||CX|00|02071400||00||12,00||
|0220|CX|1,000000|
|0200|1|CORTINA BOX LISA LEO|SEM GTIN||UN|00|39249000||00||18,00||
|0220|UN|1,000000|
|0200|1|CORTINA BOX VINIL VISOR RET. EST.620-A|7896396106203||Un|00|39229000||00||0,00||
|0220|Un|1,000000|
|0200|1|CORTINA DE BOX PLAST LEO|SEM GTIN||UN|00|39249000||00||18,00||
|0220|UN|1,000000|
|0200|1|CORTINA DE BOX VINIL COM VISOR RET. EST. 620.L|7896396162209||Un|00|39229000||00||0,00||
|0220|Un|1,000000|
|0200|1|CORTINA DE BOX VINIL COM VISOR RET. EST. 620K|7896396142201||Un|00|39229000||00||0,00||
|0220|Un|1,000000|
|0200|1|CORTINA DE BOX VINIL COM VISOR RET. EST. 620M|7896396166207||Un|00|39229000||00||0,00||
|0220|Un|1,000000|
|0200|1|COSTELA COMPLETA|7898184830260||KG|00|02062990||00||12,00||
|0220|KG|1,000000|
|0200|1|COSTELA DE BOI COM ABA - RESFRIADO|7898184830253||KG|00|02062990||00||12,00||
|0220|KG|1,000000|
|0200|1|COSTELA KG|SEM GTIN||KG|00|07019000||00||0,00||
|0220|KG|1,000000|
|0200|1|COSTELA SALGADA KG|SEM GTIN||KG|00|02101100||00||0,00||
|0220|KG|1,000000|
|0200|1|COSTELA SUINA SALG GAMAFOODS CX/10KG|SEM GTIN||KG|00|02101100||00||18,00||
|0220|KG|1,000000|
|0200|1|COSTELA SUINA TEMPERADA KG|SEM GTIN||KG|00|07101000||00||0,00||
|0220|KG|1,000000|
|0200|1|COTONETES JOHNSON 75UN|SEM GTIN||UN|00|56012190||00||0,00||
|0220|UN|1,000000|
|0200|1|COTONETES TOPZ 150UN|SEM GTIN||UN|00|56012190||00||0,00||
|0220|UN|1,000000|
|0200|1|COXA C/ SOBRECOXA KG|SEM GTIN||KG|00|02071400||00||0,00||
|0220|KG|1,000000|
|0200|1|COXA DORSAL ENV GUIBON CX18K|SEM GTIN||CX|00|02071400||00||12,00||
|0220|CX|1,000000|
|0200|1|COXA DORSAL ENV LAR CX 18KG|SEM GTIN||CX|00|02071400||00||12,00||
|0220|CX|1,000000|
|0200|1|COXA DORSAL ENV MISTER FRANGO CX 18KG|SEM GTIN||CX|00|02071400||00||12,00||
|0220|CX|1,000000|
|0200|1|COXAO MOLE (CHA) RESF|7898184830321||KG|00|02013000||00||12,00||
|0220|KG|1,000000|
|0200|1|COXINHA DA ASA ENV DIPLOMATA  CX 18KG|SEM GTIN||CX|00|02071400||00||12,00||
|0220|CX|1,000000|
|0200|1|COXINHA DA ASA INT BELLO CX 18KG|SEM GTIN||CX|00|02071400||00||12,00||
|0220|CX|1,000000|
|0200|1|COXINHA DA ASA INT C. VALE  CX18KG|SEM GTIN||CX|00|02071400||00||12,00||
|0220|CX|1,000000|
|0200|1|COXINHA DA ASA INT DIPLOMATA CX18KG|SEM GTIN||CX|00|02071400||00||12,00||
|0220|CX|1,000000|
|0200|1|CR D LEITE ITALAC 200G|SEM GTIN||UN|00|04015021||00||18,00||
|0220|UN|1,000000|
|0200|1|CR DEN COLGATE MPA 50G|SEM GTIN||UN|00|33061000||00||18,00||
|0220|UN|1,000000|
|0200|1|CR DENTAL ORAL-B 1.2.3 70G|SEM GTIN||UN|00|33061000||00||18,00||
|0220|UN|1,000000|
|0200|1|CR LEITE CAMPONESA 200G TP|7896259411628||CX|00|04015021||00||18,00||
|0220|CX|1,000000|
|0200|1|CR.CEBOLA APTI 68G|SEM GTIN||UN|00|21041011||00||18,00||
|0220|UN|1,000000|
|0200|1|CR.DENTAL CLOSE UP HORT.70G|SEM GTIN||UN|00|33061000||00||18,00||
|0220|UN|1,000000|
|0200|1|CR.DENTAL CLOSE UP M.A 70G|SEM GTIN||UN|00|33061000||00||18,00||
|0220|UN|1,000000|
|0200|1|CR.LEITE ITAMBE 300G|SEM GTIN||UN|00|04014021||00||18,00||
|0220|UN|1,000000|
|0200|1|CR.LEITE PIRACANJUBA 200G|7898215151784||UN|00|04014021||00||18,00||
|0220|UN|1,000000|
|0200|1|CR.LEITE PIRACANJUBA 200G|SEM GTIN||UN|00|04014021||00||18,00||
|0220|UN|1,000000|
|0200|1|CR.PENTEAR BEL.NATURAL EXPLOSAO 1KG|SEM GTIN||UN|00|33059000||00||0,00||
|0220|UN|1,000000|
|0200|1|CR.PENTEAR SKALA DIVINO 1K|SEM GTIN||UN|00|33059000||00||0,00||
|0220|UN|1,000000|
|0200|1|CR.SKALA ABACATE 1KG|SEM GTIN||UN|00|33059000||00||0,00||
|0220|UN|1,000000|
|0200|1|CR.SKALA MAIS CACHOS 1KG|SEM GTIN||UN|00|33059000||00||0,00||
|0220|UN|1,000000|
|0200|1|CR.SKALA SOS ARGILA 1KG|SEM GTIN||UN|00|33059000||00||0,00||
|0220|UN|1,000000|
|0200|1|CRACQUINH QJ CONC 50G|SEM GTIN||UN|00|19041000||00||0,00||
|0220|UN|1,000000|
|0200|1|CRACQUINHOS CEBOLA 50G|SEM GTIN||UN|00|19041000||00||0,00||
|0220|UN|1,000000|
|0200|1|CRACQUINHOS PRES 50G|SEM GTIN||UN|00|19041000||00||0,00||
|0220|UN|1,000000|
|0200|1|CRACQUINHOS QJ LUA 50G|SEM GTIN||UN|00|19041000||00||0,00||
|0220|UN|1,000000|
|0200|1|CRAVO DA INDIA ITALI 10G|SEM GTIN||UN|00|09072000||00||18,00||
|0220|UN|1,000000|
|0200|1|CREME CONFEITEIRO FLEISCH 1KG|7898409951565||PC|00|19012000||00||18,00||
|0220|PC|1,000000|
|0200|1|CREME DE LEITE CAMPONESA 200G|SEM GTIN||UN|00|04015021||00||18,00||
|0220|UN|1,000000|
|0200|1|CREME DE LEITE ITALAC 200G TP|7898080640222||TP|00|04015021||00||18,00||
|0220|TP|1,000000|
|0200|1|CREME DE LEITE LEVE T.VIVA 200G|SEM GTIN||UN|00|04015021||00||18,00||
|0220|UN|1,000000|
|0200|1|CREME DENTAL SORRISO TLC 70G|SEM GTIN||UN|00|33061000||00||18,00||
|0220|UN|1,000000|
|0200|1|CREME PENTEAR SEDA 300ML CACHOS DEFINIDO|7891037000322||PCA|00|33059000||00||12,00||
|0220|PCA|1,000000|
|0200|1|CREME PENTEAR SEDA 300ML COLAGENO VIT.C|7891150080102||PCA|00|33059000||00||12,00||
|0220|PCA|1,000000|
|0200|1|CREME PENTEAR SEDA 300ML LISO PERFEITO|7891037010048||PCA|00|33059000||00||12,00||
|0220|PCA|1,000000|
|0200|1|CREME PENTEAR SEDA 300ML PRETO LUMINOSOS|7898422745301||PCA|00|33059000||00||12,00||
|0220|PCA|1,000000|
|0200|1|CREME PENTEAR SEDA 300ML SOS CERAMIDAS|7891037144705||PCA|00|33059000||00||12,00||
|0220|PCA|1,000000|
|0200|1|CREME SKALA MANT.KARITE 1KG|SEM GTIN||UN|00|33059000||00||0,00||
|0220|UN|1,000000|
|0200|1|CREMOGEMA MAIZENA 180G|SEM GTIN||UN|00|19011030||00||0,00||
|0220|UN|1,000000|
|0200|1|CREMOGEMA MORANGO 180gr CX24|7891150068308||UN|00|19011030||00||18,00||
|0220|UN|1,000000|
|0200|1|CREMOGEMA TRADICIONAL 48X180GR|7891150068261||CXA|00|19011030||00||12,00||
|0220|CXA|1,000000|
|0200|1|CRUNCH Amendoim 4(14x90g) BR|7891000276969||EXB|00|18063210||00||0,00||
|0220|EXB|1,000000|
|0200|1|CRYSTAL PET 1,5L C/G CX 06UN|7894900531114||CX|00|22011000||00||18,00||
|0220|CX|1,000000|
|0200|1|CRYSTAL PET 500ML C/G CX 12UN|07896371001349||CX|00|22011000||00||18,00||
|0220|CX|1,000000|
|0200|1|CUP NOODLES COSTELA 68G|SEM GTIN||UN|00|19023000||00||0,00||
|0220|UN|1,000000|
|0200|1|CUP NOODLES FEIJOADA 67G|SEM GTIN||UN|00|19023000||00||0,00||
|0220|UN|1,000000|
|0200|1|CUP NOODLES GAL.PIC 68G|SEM GTIN||UN|00|19023000||00||0,00||
|0220|UN|1,000000|
|0200|1|CUP NOODLES GALINHA CAIPIRA 69G|SEM GTIN||UN|00|19023000||00||0,00||
|0220|UN|1,000000|
|0200|1|CUP NOODLES YAKISSOBA 70G|SEM GTIN||UN|00|19023000||00||0,00||
|0220|UN|1,000000|
|0200|1|Cafe Evolutto Extraforte Moido 250 g|17896046900240||KG|00|09012100||00||12,00||
|0220|KG|1,000000|
|0200|1|Cafe Evolutto Extraforte Moido 500 g|17896046900233||KG|00|09012100||00||12,00||
|0220|KG|1,000000|
|0200|1|Chocolate 5star Lacta..18x40g|7622300867119||DP1|00|18069000||00||12,00||
|0220|DP1|1,000000|
|0200|1|Chocolate Baton Ao Leite Dp..30un|7891008367027||DP1|00|18063210||00||12,00||
|0220|DP1|1,000000|
|0200|1|Chocolate Baton Branco Dp..30un|7891008331028||DP1|00|17049010||00||12,00||
|0220|DP1|1,000000|
|0200|1|Chocolate Baton Extra Milk Dp..30un|7891008289800||DP1|00|18063110||00||12,00||
|0220|DP1|1,000000|
|0200|1|Chocolate Bis Ao Leite Lacta..126g|7622300807399||DP1|00|19053200||00||12,00||
|0220|DP1|1,000000|
|0200|1|Chocolate Bis Branco Lacta..60x126g|7622300807283||DP1|00|19053200||00||12,00||
|0220|DP1|1,000000|
|0200|1|Chocolate Granulado Dori..120g|17896058599470||CX30|00|18069000||00||12,00||
|0220|CX30|1,000000|
|0200|1|Chocolate Wafer Trento Avela..16x32g|7896306612862||DP1|00|19053200||00||12,00||
|0220|DP1|1,000000|
|0200|1|Chocolate Wafer Trento Bites Ao Leite..12x40g|7896306616136||DP1|00|19053200||00||12,00||
|0220|DP1|1,000000|
|0200|1|Chocolate Wafer Trento Bites Avela Ao Le..12x40g|7896306623998||DP1|00|19053200||00||12,00||
|0220|DP1|1,000000|
|0200|1|Chocolate Wafer Trento Bites Dark..12x40g|7896306619502||DP1|00|19053200||00||12,00||
|0220|DP1|1,000000|
|0200|1|Chocolate Wafer Trento Cheesecake de Mor..16x32g|7896306621000||DP1|00|19053200||00||12,00||
|0220|DP1|1,000000|
|0200|1|Chocolate Wafer Trento Chocolate..16x32g|7896306612848||DP1|00|19053200||00||12,00||
|0220|DP1|1,000000|
|0200|1|Chocolate Wafer Trento Massimo Branco C ..16x30g|7896306619465||DP1|00|19053200||00||12,00||
|0220|DP1|1,000000|
|0200|1|Chocolate Wafer Trento Massimo Chocolate..16x30g|7896306618437||DP1|00|19053200||00||12,00||
|0220|DP1|1,000000|
|0200|1|Cola Tekbond..12x2g|7898472255898||CT1|00|35061010||00||4,00||
|0220|CT1|1,000000|
|0200|1|Cond.Neutrox 1..500ml|37891176111089||CX12|00|33059000||00||12,00||
|0220|CX12|1,000000|
|0200|1|Curativo Band-Aid Transparente..10un|7891010504779||UN1|00|30051090||00||12,00||
|0220|UN1|1,000000|
|0200|1|DEL VALE KAPO CAJU 200ML|SEM GTIN||UN|00|22021000||00||0,00||
|0220|UN|1,000000|
|0200|1|DEL VALLE FRESH LAR. 1,5LT|SEM GTIN||UN|00|22021000||00||0,00||
|0220|UN|1,000000|
|0200|1|DEL VALLE FRESH LIMAO 1,5LT|SEM GTIN||UN|00|22021000||00||0,00||
|0220|UN|1,000000|
|0200|1|DEL VALLE FRESH LIMAO 200ML|SEM GTIN||UN|00|22021000||00||0,00||
|0220|UN|1,000000|
|0200|1|DEL VALLE FRESH UVA 1,5L|SEM GTIN||UN|00|22021000||00||0,00||
|0220|UN|1,000000|
|0200|1|DEL VALLE FRUIT PESSEGO 1LT|SEM GTIN||UN|00|22021000||00||0,00||
|0220|UN|1,000000|
|0200|1|DEL VALLE KAPO MACA 200ML|SEM GTIN||UN|00|22021000||00||0,00||
|0220|UN|1,000000|
|0200|1|DEL VALLE LARANJA 200ML|SEM GTIN||UN|00|22029900||00||0,00||
|0220|UN|1,000000|
|0200|1|DEL VALLE NECTAR UVA LATA 290ML 6UN|17894900660330||CX|00|22029900||00||0,00||
|0220|CX|1,000000|
|0200|1|DELICIOSOS SALGAD. PANCO 500G|SEM GTIN||UN|00|19053100||00||0,00||
|0220|UN|1,000000|
|0200|1|DES ALMA FLORES SPR 90ML ESSENCIA BAUNILHA *|7891134004339||UN1|00|33072010||00||12,00||
|0220|UN1|1,000000|
|0200|1|DES ALMA FLORES SPR 90ML ESSENCIA JASMIM *|7891134001963||UN1|00|33072010||00||12,00||
|0220|UN1|1,000000|
|0200|1|DES NIVEA FR ACT 90ML|SEM GTIN||UN|00|33072010||00||0,00||
|0220|UN|1,000000|
|0200|1|DES NIVEA SPR 090ML FEM FRESH NATURAL *|7891177816852||UN1|00|33072010||00||12,00||
|0220|UN1|1,000000|
|0200|1|DES NIVEA SPR 090ML MEN FRESH ACTIVE *|7891177816869||UN1|00|33072010||00||12,00||
|0220|UN1|1,000000|
|0200|1|DES PER LAV MIN 500ML|SEM GTIN||UN|00|38089419||00||18,00||
|0220|UN|1,000000|
|0200|1|DES PIN SOL ORIGIN 1L|SEM GTIN||UN|00|38089419||00||18,00||
|0220|UN|1,000000|
|0200|1|DES SUAVE JASM 150ML|SEM GTIN||UN|00|33072010||00||0,00||
|0220|UN|1,000000|
|0200|1|DES TABU SPR 90ML TRAD *|7896049508217||UN1|00|33072010||00||12,00||
|0220|UN1|1,000000|
|0200|1|DES.DOVE AERO FEM.ORIGINAL 87GR|7506306241183||PCA|00|33072010||00||12,00||
|0220|PCA|1,000000|
|0200|1|DES.DOVE ORIG. 48H|SEM GTIN||UN|00|33072010||00||0,00||
|0220|UN|1,000000|
|0200|1|DES.REXONA ANTIT. 150ML|SEM GTIN||UN|00|33072010||00||0,00||
|0220|UN|1,000000|
|0200|1|DESCASCADOR ACO INOX PLASTICO 19X25X19CM CK5358|SEM GTIN||UN|00|82055100||00||18,00||
|0220|UN|1,000000|
|0200|1|DESENG. UAU 500ML|SEM GTIN||UN|00|34025000||00||0,00||
|0220|UN|1,000000|
|0200|1|DESENG.CIF COZINHA GATILHO|27891150025336||CXT1|00|34025000||00||0,00||
|0220|CXT1|1,000000|
|0200|1|DESENTUPIDOR DE PIA PB 80776-S-10|7898568910366||Un|00|40169990||00||0,00||
|0220|Un|1,000000|
|0200|1|DESINF MINUANO MARINE 500ML|SEM GTIN||UN|00|38089419||00||18,00||
|0220|UN|1,000000|
|0200|1|DESINF P SOL 500ML (12)|7891024194102||UN|00|38089419||00||18,00||
|0220|UN|1,000000|
|0200|1|DESINF."UFE/UFENOL" 750ML (12)|7896060400255||UN|00|38089419||00||18,00||
|0220|UN|1,000000|
|0200|1|DESINF."YPE" BAK 500ML EUC. (12)|7896098903605||CX|00|38089419||00||18,00||
|0220|CX|1,000000|
|0200|1|DESINF."YPE" BAK 500ML LAV. (12)|7896098903629||UN|00|38089419||00||18,00||
|0220|UN|1,000000|
|0200|1|DESINF.ULTRALAR LIMPADUA 2L|SEM GTIN||UN|00|38089419||00||18,00||
|0220|UN|1,000000|
|0200|1|DESINFETANT UFE 750ML|SEM GTIN||UN|00|38089419||00||18,00||
|0220|UN|1,000000|
|0200|1|DESINFETANTE CASEIRO 2LT|SEM GTIN||UN|00|38089429||00||18,00||
|0220|UN|1,000000|
|0200|1|DESINFETANTE PINHO SOL 500ML|SEM GTIN||UN|00|38089429||00||18,00||
|0220|UN|1,000000|
|0200|1|DESINFETANTE UFENOL 1L|SEM GTIN||UN|00|38089419||00||18,00||
|0220|UN|1,000000|
|0200|1|DESINFETANTE YPE|SEM GTIN||UN|00|34012090||00||0,00||
|0220|UN|1,000000|
|0200|1|DESINFETANTE YPE|SEM GTIN||UN|00|38089429||00||18,00||
|0220|UN|1,000000|
|0200|1|DESINFETANTE YPE BAK 500ML|7896098903605||UN|00|38089419||00||18,00||
|0220|UN|1,000000|
|0200|1|DESINFETANTE YPE BAK 500ML|SEM GTIN||UN|00|38089419||00||18,00||
|0220|UN|1,000000|
|0200|1|DESOD. ALMA DE FLORES 90ML|SEM GTIN||UN|00|33072010||00||0,00||
|0220|UN|1,000000|
|0200|1|DESOD.ANTIT.ABOVE MEN 150ML|SEM GTIN||UN|00|33072010||00||0,00||
|0220|UN|1,000000|
|0200|1|DET LIMPOL COCO 500ML|SEM GTIN||UN|00|34025000||00||0,00||
|0220|UN|1,000000|
|0200|1|DET LIMPOL CRIST 500ML|SEM GTIN||UN|00|34025000||00||0,00||
|0220|UN|1,000000|
|0200|1|DET LIMPOL MACA 500ML|SEM GTIN||UN|00|34025000||00||0,00||
|0220|UN|1,000000|
|0200|1|DET PO OMO 800G LAVAGEM PERFEITA CART|7891150064317||CX|00|34025000||00||18,00||
|0220|CX|1,000000|
|0200|1|DET. MINUANO COCO 500ML|SEM GTIN||UN|00|34025000||00||0,00||
|0220|UN|1,000000|
|0200|1|DET. MINUANO FRESH 500ML|SEM GTIN||UN|00|34025000||00||0,00||
|0220|UN|1,000000|
|0200|1|DET. MINUANO MARINE 500ML|SEM GTIN||UN|00|34025000||00||0,00||
|0220|UN|1,000000|
|0200|1|DET.LIMPADUA LIMAO 500ML|SEM GTIN||UN|00|34025000||00||0,00||
|0220|UN|1,000000|
|0200|1|DET.LIMPADUA NEUTRO 500ML|SEM GTIN||UN|00|34025000||00||0,00||
|0220|UN|1,000000|
|0200|1|DET.MINUANO LIMAO 500ML|SEM GTIN||UN|00|34025000||00||0,00||
|0220|UN|1,000000|
|0200|1|DET.MINUANO MACA 500ML|SEM GTIN||UN|00|34025000||00||0,00||
|0220|UN|1,000000|
|0200|1|DET.MINUANO NEUTRO 500ML|SEM GTIN||UN|00|34025000||00||0,00||
|0220|UN|1,000000|
|0200|1|DET.PO SURF ROS/FLOR DE LIZ SCO|27891150086771||CXA1|00|34025000||00||0,00||
|0220|CXA1|1,000000|
|0200|1|DETERG. LIMAO YPE 500ML|SEM GTIN||UN|00|34025000||00||0,00||
|0220|UN|1,000000|
|0200|1|DETERG.LIMPADUA CLEAR 500ML|7898344030813||UN|00|34025000||00||0,00||
|0220|UN|1,000000|
|0200|1|DETERG.LIMPADUA COCO 500ML|7898344031087||UN|00|34025000||00||0,00||
|0220|UN|1,000000|
|0200|1|DETERG.LIMPADUA MACA 500ML|SEM GTIN||UN|00|34025000||00||0,00||
|0220|UN|1,000000|
|0200|1|DETERG.LIMPADUA MARINE 500ML|SEM GTIN||UN|00|34025000||00||0,00||
|0220|UN|1,000000|
|0200|1|DETERG.MACA YPE 500ML|SEM GTIN||UN|00|34025000||00||0,00||
|0220|UN|1,000000|
|0200|1|DETERG.YPE CLEAR CARE 500ML|SEM GTIN||UN|00|34025000||00||0,00||
|0220|UN|1,000000|
|0200|1|DETERG.YPE NEUTRO 500ML|SEM GTIN||UN|00|34025000||00||0,00||
|0220|UN|1,000000|
|0200|1|DETERGENTE|SEM GTIN||UN|00|34012090||00||0,00||
|0220|UN|1,000000|
|0200|1|DETERGENTE|SEM GTIN||UN|00|34025000||00||0,00||
|0220|UN|1,000000|
|0200|1|DINO PARK ADVENTURE|SEM GTIN||UN|00|95030099||00||18,00||
|0220|UN|1,000000|
|0200|1|DISPENSER PORTA DETERGENTE ACRILICO 500ML 347|SEM GTIN||UN|00|39249000||00||18,00||
|0220|UN|1,000000|
|0200|1|DIVER MASSA|SEM GTIN||UN|00|95030099||00||18,00||
|0220|UN|1,000000|
|0200|1|DOC LT XAMEG BOM 400G|SEM GTIN||UN|00|19019020||00||18,00||
|0220|UN|1,000000|
|0200|1|DOCE DE LEITE CARDOSO 500G|SEM GTIN||UN|00|19019020||00||18,00||
|0220|UN|1,000000|
|0200|1|DOCE GOIABADA LISA AMORE 300G BLC|07897977903716||CX|00|20071000||00||18,00||
|0220|CX|1,000000|
|0200|1|DOCE LT E COCO XGBOM 400G|SEM GTIN||UN|00|19019020||00||18,00||
|0220|UN|1,000000|
|0200|1|DOCE UNID.|SEM GTIN||UN|00|07019000||00||0,00||
|0220|UN|1,000000|
|0200|1|DORITOS 84G|SEM GTIN||UN|00|19059090||00||0,00||
|0220|UN|1,000000|
|0200|1|DORITOS ELMA CHIPS 53G|SEM GTIN||UN|00|19059090||00||0,00||
|0220|UN|1,000000|
|0200|1|DORITOS NACHO 140GX15|7892840814540||UN|00|19059090||00||18,00||
|0220|UN|1,000000|
|0200|1|DORITOS NACHO 53GX40X1 DTS|7892840819576||UN|00|19059090||00||18,00||
|0220|UN|1,000000|
|0200|1|DORITOS QUEIJO NACHO 140G|SEM GTIN||UN|00|19059090||00||0,00||
|0220|UN|1,000000|
|0200|1|DORITOS QUEIJO NACHO 84GX25|7892840815912||UN|00|19059090||00||18,00||
|0220|UN|1,000000|
|0200|1|DORITOS SWEET CHI 53GX40X1 DTS|7892840819583||UN|00|19059090||00||18,00||
|0220|UN|1,000000|
|0200|1|DORITOS SWEET CHILI 53G|SEM GTIN||UN|00|19059090||00||0,00||
|0220|UN|1,000000|
|0200|1|DP-SURF 7/1,6kg CUIDADO DO COCO SH|7891150086821||FD|00|34025000||00||18,00||
|0220|FD|1,000000|
|0200|1|DP-SURF 7/1,6kg ROSAS E FLOR DE LIS SH|7891150086814||FD|00|34025000||00||18,00||
|0220|FD|1,000000|
|0200|1|DROPS F.TELLA MAST. BLUEBERRY 40G|SEM GTIN||UN|00|17049020||00||18,00||
|0220|UN|1,000000|
|0200|1|DROPS F.TELLA MASTIG.MORANGO 1 UNID 40G|SEM GTIN||UN|00|17049020||00||18,00||
|0220|UN|1,000000|
|0200|1|DROPS HALLS CEREJA 21X10 (NOVO)|78938793||DPL|00|17049020||00||12,00||
|0220|DPL|1,000000|
|0200|1|DROPS HALLS MELANCIA 588G|SEM GTIN||UN|00|17049020||00||18,00||
|0220|UN|1,000000|
|0200|1|DROPS HALLS MENTA 21X10 (NOVO)|78938830||DPL|00|17049020||00||12,00||
|0220|DPL|1,000000|
|0200|1|DROPS MENTOS STICK F.VERM UN|SEM GTIN||UN|00|17049020||00||18,00||
|0220|UN|1,000000|
|0200|1|DROPS MENTOS STICK FRUTAS VERMELHAS UN|7895144693064||DP|00|17049020||00||18,00||
|0220|DP|1,000000|
|0200|1|DROPS MENTOS STICK MINT UN|7896262304450||DP|00|17049020||00||18,00||
|0220|DP|1,000000|
|0200|1|DROPS MENTOS STICK MINT UN|SEM GTIN||UN|00|17049020||00||18,00||
|0220|UN|1,000000|
|0200|1|DROPS MENTOS STICK MOR/IOG|SEM GTIN||UN|00|17049020||00||18,00||
|0220|UN|1,000000|
|0200|1|DROPS MENTOS STICK MORANGO E IOGURTE UN|7895144693088||DP|00|17049020||00||18,00||
|0220|DP|1,000000|
|0200|1|DROPS MENTOS STICK RAINBOW UN|7895144693149||DP|00|17049020||00||18,00||
|0220|DP|1,000000|
|0200|1|DRUMET KG|SEM GTIN||KG|00|02071400||00||0,00||
|0220|KG|1,000000|
|0200|1|DS.HERBISSIMO CREME ACTION 55G|SEM GTIN||UN|00|33072090||00||0,00||
|0220|UN|1,000000|
|0200|1|DS.HERBISSIMO CREME BIO PROT.HIB 55G|SEM GTIN||UN|00|33072090||00||0,00||
|0220|UN|1,000000|
|0200|1|DS.HERBISSIMO CREME FRESH 55G|SEM GTIN||UN|00|33072090||00||0,00||
|0220|UN|1,000000|
|0200|1|DS.HERBISSIMO CREME TRAD.55G|SEM GTIN||UN|00|33072090||00||0,00||
|0220|UN|1,000000|
|0200|1|DS.TABU CREME SEGREDOS 55G|SEM GTIN||UN|00|33072090||00||0,00||
|0220|UN|1,000000|
|0200|1|DT.PO SURF ROSAS E FLOR DE LIZ 1,6KG|SEM GTIN||UN|00|34025000||00||0,00||
|0220|UN|1,000000|
|0200|1|DU PRIMO AMENDOIM 900ML 6 UNID|7898094870479||FD|00|22089000||00||37,00||
|0220|FD|1,000000|
|0200|1|DU PRIMO COCO 900ML 6 UNID|7898094870455||FD|00|22089000||00||37,00||
|0220|FD|1,000000|
|0200|1|DU PRIMO MARACUJA 900ML 6 UNID|7898094870486||FD|00|22089000||00||37,00||
|0220|FD|1,000000|
|0200|1|DU PRIMO MENTA 900 ML 6 UNID|7898094870158||FD|00|22089000||00||37,00||
|0220|FD|1,000000|
|0200|1|DU PRIMO MORANGO 900ML  6 UNID|7898094870554||FD|00|22089000||00||37,00||
|0220|FD|1,000000|
|0200|1|DUETO PREDILECTA 280G|SEM GTIN||UN|00|20059900||00||0,00||
|0220|UN|1,000000|
|0200|1|DUREPOXI 50G|SEM GTIN||UN|00|32149000||00||18,00||
|0220|UN|1,000000|
|0200|1|DV FRESH LARANJA PET 1,5L CX 06UN|17894900558026||CX|00|22021000||00||18,00||
|0220|CX|1,000000|
|0200|1|DV FRESH UVA PET 1,5L CX 06UN|17894900557531||CX|00|22021000||00||18,00||
|0220|CX|1,000000|
|0200|1|DV FRUT GOIABA PET 1L CX 06UN|17894900550501||CX|00|22021000||00||18,00||
|0220|CX|1,000000|
|0200|1|DV FRUT LARANJA PET 1L CX 06UN|17894900556039||CX|00|22021000||00||18,00||
|0220|CX|1,000000|
|0200|1|DV FRUT PESSEGO PET 1L CX 06UN|17894900552505||CX|00|22021000||00||18,00||
|0220|CX|1,000000|
|0200|1|DV FRUT UVA PET 1L CX 06UN|17894900550037||CX|00|22021000||00||18,00||
|0220|CX|1,000000|
|0200|1|DV FRUT UVA PET 450ML CX 06UN|17894900550051||CX|00|22021000||00||18,00||
|0220|CX|1,000000|
|0200|1|Drops F.Tella.Mast.Blueberry..16x40g|7895144207582||DP1|00|17049020||00||12,00||
|0220|DP1|1,000000|
|0200|1|Drops F.Tella.Mast.Morango..16x40g|7896262305075||DP1|00|17049020||00||12,00||
|0220|DP1|1,000000|
|0200|1|Drops Halls Reg. Extra Forte..21un|7622210878946||DP1|00|17049020||00||12,00||
|0220|DP1|1,000000|
|0200|1|Drops Halls Reg. Uva Verde..21un|7622210854896||DP1|00|17049020||00||12,00||
|0220|DP1|1,000000|
|0200|1|Ds.Above Aero Men Urban..150ml|7899674017109||UN1|00|33072010||00||12,00||
|0220|UN1|1,000000|
|0200|1|Ds.Above Aero Men Vulcan..150ml|7899674027467||UN1|00|33072010||00||12,00||
|0220|UN1|1,000000|
|0200|1|Ds.Above Aero Sport Energy Women..90g|7899674022004||UN1|00|33072010||00||12,00||
|0220|UN1|1,000000|
|0200|1|Ds.Above Aero Women Candy..150ml|7899674017062||UN1|00|33072010||00||12,00||
|0220|UN1|1,000000|
|0200|1|Ds.Above Aero Women Dolce Vita..150ml|7899674026989||UN1|00|33072010||00||12,00||
|0220|UN1|1,000000|
|0200|1|Ds.Herbissimo Creme Action..55g|17896049528595||CX12|00|33072090||00||12,00||
|0220|CX12|1,000000|
|0200|1|Ds.Herbissimo Creme Bio Protect Hibisco..55g|17896049525723||CX12|00|33072090||00||12,00||
|0220|CX12|1,000000|
|0200|1|Ds.Herbissimo Creme Fresh..55g|17896049528601||CX12|00|33072090||00||12,00||
|0220|CX12|1,000000|
|0200|1|Ds.Herbissimo Creme Neutro..55g|17896049528502||CX12|00|33072090||00||12,00||
|0220|CX12|1,000000|
|0200|1|Ds.Herbissimo Creme Sensitive..55g|17896049528564||CX12|00|33072090||00||12,00||
|0220|CX12|1,000000|
|0200|1|Ds.Herbissimo Creme Tradicional..55g|17896049528519||CX12|00|33072090||00||12,00||
|0220|CX12|1,000000|
|0200|1|Ds.Leite de Rosas Tradic.Medio.100ml|7896806700021||UN1|00|33072010||00||12,00||
|0220|UN1|1,000000|
|0200|1|Ds.Tabu Creme Flores..55g|17896049508528||CX12|00|33072090||00||12,00||
|0220|CX12|1,000000|
|0200|1|Ds.Tabu Creme Romance..55g|17896049508535||CX12|00|33072090||00||12,00||
|0220|CX12|1,000000|
|0200|1|Ds.Tabu Creme Segredos..55g|17896049508542||CX12|00|33072090||00||12,00||
|0220|CX12|1,000000|
|0200|1|Ds.Tabu Creme Sem Perfume..55g|17896049508504||CX12|00|33072090||00||12,00||
|0220|CX12|1,000000|
|0200|1|Dt.Po Surf Rosas e Flor de Liz..1,6kg|27891150086818||CX7|00|34025000||00||12,00||
|0220|CX7|1,000000|
|0200|1|ELASTICO BAGAG 10PCS 1,5M 11011|SEM GTIN||UN|00|56041000||00||18,00||
|0220|UN|1,000000|
|0200|1|ELASTICO BAGAGEIRO 1.50 PONTEIRA PLS|7899149405561||Un|00|40101200||00||0,00||
|0220|Un|1,000000|
|0200|1|EMPANADO DE FRANGO SEARA 120G|SEM GTIN||UN|00|16023290||00||0,00||
|0220|UN|1,000000|
|0200|1|ENERGETICO MINOTAURO 2LT|SEM GTIN||UN|00|22029900||00||0,00||
|0220|UN|1,000000|
|0200|1|EQ PANETI PRES DEFUMADO 62X40G|7892840267841||UN|00|19041000||00||18,00||
|0220|UN|1,000000|
|0200|1|EQUIPE COMBATE|SEM GTIN||UN|00|95030099||00||18,00||
|0220|UN|1,000000|
|0200|1|ERVA DOCE ITALIANINHO 10G|SEM GTIN||UN|00|09021000||00||0,00||
|0220|UN|1,000000|
|0200|1|ERVAS FINAS 05G|7898079292845||UN|00|09109100||00||18,00||
|0220|UN|1,000000|
|0200|1|ERVAS FINAS ITALIANINHO 5G|SEM GTIN||UN|00|09109100||00||18,00||
|0220|UN|1,000000|
|0200|1|ERVILHA GRANFINO 500G|SEM GTIN||UN|00|07131090||00||18,00||
|0220|UN|1,000000|
|0200|1|ERVILHA PARTIDA C. PEREIRA - T1 - 20 X 500 G - NAC|7898084090085||FD|00|07131090||00||12,00||
|0220|FD|1,000000|
|0200|1|ERVILHA PEREIRA 500G|SEM GTIN||UN|00|07131090||00||18,00||
|0220|UN|1,000000|
|0200|1|ERVILHA QUERO 280G|SEM GTIN||UN|00|20054000||00||0,00||
|0220|UN|1,000000|
|0200|1|ERVILHA SECA 20/500 G|17896016500166||EN|00|07131090||00||18,00||
|0220|EN|1,000000|
|0200|1|ESC D CONDOR MACIA 1UN|SEM GTIN||UN|00|96032100||00||18,00||
|0220|UN|1,000000|
|0200|1|ESC.DENTAL SORRISO ORIG DURA|SEM GTIN||UN|00|96032100||00||18,00||
|0220|UN|1,000000|
|0200|1|ESCOVA DE ROUPA OVAL PLASTICA 4961|SEM GTIN||UN|00|96039000||00||18,00||
|0220|UN|1,000000|
|0200|1|ESCOVA DE UNHA CATUAI|SEM GTIN||UN|00|96032900||00||0,00||
|0220|UN|1,000000|
|0200|1|ESCOVA DENTAL CONDOR PLUS|SEM GTIN||UN|00|96032100||00||18,00||
|0220|UN|1,000000|
|0200|1|ESCOVA DENTAL CONDOR PLUS 2 UN|SEM GTIN||UN|00|96032100||00||18,00||
|0220|UN|1,000000|
|0200|1|ESCOVA OVAL MADEIRA|SEM GTIN||UN|00|96031000||00||18,00||
|0220|UN|1,000000|
|0200|1|ESCOVA PLASTICA FRICCI|SEM GTIN||UN|00|96031000||00||18,00||
|0220|UN|1,000000|
|0200|1|ESCUMADEIRA DE INOX SILVER 32CM 12398|SEM GTIN||UN|00|82159910||00||18,00||
|0220|UN|1,000000|
|0200|1|ESKIBON 130ML|SEM GTIN||UN|00|21050010||00||0,00||
|0220|UN|1,000000|
|0200|1|ESPAG D.BENTA C/OVOS 500GR|7896005286579||UN|00|19021100||00||18,00||
|0220|UN|1,000000|
|0200|1|ESPAGUETE PARATI INTEGRAL 500G|SEM GTIN||UN|00|19021100||00||18,00||
|0220|UN|1,000000|
|0200|1|ESPAGUETE SEMOLA D.BENTA 500GR|7896005286524||UN|00|19021900||00||18,00||
|0220|UN|1,000000|
|0200|1|ESPAGUETE SEMOLA D.BENTA 500GR|SEM GTIN||UN|00|19021900||00||18,00||
|0220|UN|1,000000|
|0200|1|ESPANADOR PENA 65CM MOD45R169 C6EN|27896771053188||PT|00|96039000||00||12,00||
|0220|PT|1,000000|
|0200|1|ESPATULA DE ACO BFH0403 *|7899206131389||Un|00|82055900||00||0,00||
|0220|Un|1,000000|
|0200|1|ESPATULA DE ACO CB MADEIRA 1 BFH 0402|7899206131372||Un|00|82055900||00||0,00||
|0220|Un|1,000000|
|0200|1|ESPELHO COLONIAL BT C.2 PEXCEL|7898064970086||Un|00|70099200||00||0,00||
|0220|Un|1,000000|
|0200|1|ESPETINHO DE BAMBU BILA 50UN|SEM GTIN||UN|00|44191900||00||18,00||
|0220|UN|1,000000|
|0200|1|ESPIRAIS ALERTA|7896013100157||UN|00|38089119||00||18,00||
|0220|UN|1,000000|
|0200|1|ESPIRAIS ALERTA 10UN|SEM GTIN||UN|00|38089119||00||18,00||
|0220|UN|1,000000|
|0200|1|ESPONJA BRILHUS 1UN|SEM GTIN||UN|00|68053090||00||0,00||
|0220|UN|1,000000|
|0200|1|ESPONJA DE ACO ASSOLAN|SEM GTIN||UN|00|73231000||00||0,00||
|0220|UN|1,000000|
|0200|1|ESPONJA LIMPANO LV/4 PG/3|SEM GTIN||UN|00|68053090||00||0,00||
|0220|UN|1,000000|
|0200|1|ESPONJA LIMPPANO WISH 1UN|SEM GTIN||UN|00|68053090||00||0,00||
|0220|UN|1,000000|
|0200|1|ESPONJA LOUCAS WISH 1UN|SEM GTIN||UN|00|68053090||00||0,00||
|0220|UN|1,000000|
|0200|1|ESPONJA MULTIUSO BRILHUS 1UN|SEM GTIN||UN|00|68053090||00||0,00||
|0220|UN|1,000000|
|0200|1|ESPONJA SCOTCH BRITE|7891040221059||UN|00|68053090||00||0,00||
|0220|UN|1,000000|
|0200|1|ESPONJA SCOTCH BRITE ESPIRAL MET.3M|7891040112968||UN|00|68053090||00||0,00||
|0220|UN|1,000000|
|0200|1|ESPONJA SCOTCH BRITE UN|SEM GTIN||UN|00|68053090||00||0,00||
|0220|UN|1,000000|
|0200|1|ESPONJA SCOTH BRITE C/3 UND|SEM GTIN||UN|00|68053090||00||0,00||
|0220|UN|1,000000|
|0200|1|ESPONJA SCOTH BRITE C/3 UND|SEM GTIN||UN|00|73231000||00||0,00||
|0220|UN|1,000000|
|0200|1|ESPONJA WISH 3 UNID|7896021623273||UN|00|68053090||00||0,00||
|0220|UN|1,000000|
|0200|1|ESPREMEDOR PORTATIL FIT 500ML 111|SEM GTIN||UN|00|39241000||00||0,00||
|0220|UN|1,000000|
|0200|1|ESSENCIA BAUNILHA 960ML|7895770023297||FR|00|33021000||00||18,00||
|0220|FR|1,000000|
|0200|1|ESSENCIA BAUNILHA BRANCA 960ML|7895770023334||UN|00|33021000||00||18,00||
|0220|UN|1,000000|
|0200|1|EXT TOM QUERO 840G|SEM GTIN||UN|00|20029000||00||0,00||
|0220|UN|1,000000|
|0200|1|EXT.TOMATE ELEF.375G|SEM GTIN||UN|00|20029000||00||0,00||
|0220|UN|1,000000|
|0200|1|EXT.TOMATE ELEFANTE PROMO|7896036097069||UN|00|20029000||00||0,00||
|0220|UN|1,000000|
|0200|1|EXTENSOR ELASTICO 1.5M|7899101142343||Un|00|56041000||00||0,00||
|0220|Un|1,000000|
|0200|1|EXTR TOM.PRED.FLAMENGO 270G|SEM GTIN||UN|00|20029000||00||0,00||
|0220|UN|1,000000|
|0200|1|EXTRATO DE TOM. ELEFANTE 130G|SEM GTIN||UN|00|20029000||00||0,00||
|0220|UN|1,000000|
|0200|1|Esponja Brilhus..10un|27896001004515||PC10|00|68053090||00||12,00||
|0220|PC10|1,000000|
|0200|1|Esponja Limppano Wish..1un|17896021620057||CX60|00|68053090||00||12,00||
|0220|CX60|1,000000|
|0200|1|FACA CAPA GATO CABO MADEIRA CARTELA|SEM GTIN||UN|00|82119100||00||18,00||
|0220|UN|1,000000|
|0200|1|FACA DE CARNE 06' IXB08051|SEM GTIN||UN|00|82119210||00||18,00||
|0220|UN|1,000000|
|0200|1|FACA DE CHURRASCO C.CABO DE PLAST. 6PCS|7908256518139||Un|00|82119100||00||0,00||
|0220|Un|1,000000|
|0200|1|FACA DE CHURRASCO CB PLAT. 6PCS RJU0071|7908256518177||Un|00|82119100||00||0,00||
|0220|Un|1,000000|
|0200|1|FACA DE INOX P.JANTAR C.6PCS RJU0035|7908256517934||Un|00|82119100||00||0,00||
|0220|Un|1,000000|
|0200|1|FACA P.MESA C.6PCS RJUD0055|7908346285316||Un|00|82119100||00||0,00||
|0220|Un|1,000000|
|0200|1|FACA PROF.ACOUGUE 10 552010 MUNDIAL|SEM GTIN||UND|00|82119210||00||0,00||
|0220|UND|1,000000|
|0200|1|FANDANGOS 37G|SEM GTIN||UN|00|19041000||00||0,00||
|0220|UN|1,000000|
|0200|1|FANDANGOS PRESUN 80GX19 LD HTL|7892840816346||UN|00|19041000||00||18,00||
|0220|UN|1,000000|
|0200|1|FANDANGOS PRESUNTO 140G|SEM GTIN||UN|00|19041000||00||0,00||
|0220|UN|1,000000|
|0200|1|FANDANGOS PRESUNTO 140GX14 LD|7892840816322||UN|00|19041000||00||18,00||
|0220|UN|1,000000|
|0200|1|FANDANGOS PRESUNTO 37G|SEM GTIN||UN|00|19041000||00||0,00||
|0220|UN|1,000000|
|0200|1|FANDANGOS PRESUNTO 80G|SEM GTIN||UN|00|19041000||00||0,00||
|0220|UN|1,000000|
|0200|1|FANDANGOS QUEIJO 37G|SEM GTIN||UN|00|19041000||00||0,00||
|0220|UN|1,000000|
|0200|1|FANDANGOS QUEIJO 37GX48 LD|7892840816216||UN|00|19041000||00||18,00||
|0220|UN|1,000000|
|0200|1|FANTA GUARANA 200ML|SEM GTIN||UN|00|22021000||00||0,00||
|0220|UN|1,000000|
|0200|1|FANTA GUARANA 350ML|SEM GTIN||UN|00|22021000||00||0,00||
|0220|UN|1,000000|
|0200|1|FANTA LARANJA 2,25LT|7894900038392||UN|00|22021000||00||0,00||
|0220|UN|1,000000|
|0200|1|FANTA LARANJA 2,25LT|SEM GTIN||UN|00|22021000||00||0,00||
|0220|UN|1,000000|
|0200|1|FANTA LARANJA 200ML|SEM GTIN||UN|00|22021000||00||0,00||
|0220|UN|1,000000|
|0200|1|FANTA LARANJA LATA 350ML CX 12UN|7894900039849||CX|00|22021000||00||16,00||
|0220|CX|1,000000|
|0200|1|FANTA LARANJA PET 2L+250ML GT CX 06UN|17894900038399||CX|00|22021000||00||16,00||
|0220|CX|1,000000|
|0200|1|FANTA UVA 2.25LT|SEM GTIN||UN|00|22021000||00||0,00||
|0220|UN|1,000000|
|0200|1|FANTA UVA 2L+250ML GRATIS CX 06UN|17894900058397||CX|00|22021000||00||16,00||
|0220|CX|1,000000|
|0200|1|FANTA UVA 350ML|SEM GTIN||UN|00|22021000||00||0,00||
|0220|UN|1,000000|
|0200|1|FANTA UVA LATA 350ML CX 12UN|7894900059847||CX|00|22021000||00||16,00||
|0220|CX|1,000000|
|0200|1|FANTA UVA PET 200ML|SEM GTIN||UN|00|22021000||00||0,00||
|0220|UN|1,000000|
|0200|1|FAR.LINHACA DOUR.200G|SEM GTIN||UN|00|12040090||00||18,00||
|0220|UN|1,000000|
|0200|1|FARINHA DE AVEIA YOKI 170G|SEM GTIN||UN|00|11029000||00||18,00||
|0220|UN|1,000000|
|0200|1|FARINHA DE MANDIOCA|SEM GTIN||KG|00|11010010||00||0,00||
|0220|KG|1,000000|
|0200|1|FARINHA DE MANDIOCA|SEM GTIN||KG|00|11062000||00||18,00||
|0220|KG|1,000000|
|0200|1|FARINHA DE MANDIOCA CRUA 20/500 G|17896016501033||EN|00|11062000||00||18,00||
|0220|EN|1,000000|
|0200|1|FARINHA DE MANDIOCA GROSSA 20/1 KG|17896016500944||EN|00|11062000||00||18,00||
|0220|EN|1,000000|
|0200|1|FARINHA DE MANDIOCA GROSSA 20/500 G|17896016501019||EN|00|11062000||00||18,00||
|0220|EN|1,000000|
|0200|1|FARINHA DE MANDIOCA TORRADA 20/500 G|17896016501002||EN|00|11062000||00||18,00||
|0220|EN|1,000000|
|0200|1|FARINHA DE MESA DA ROCA 1K|7898342920048||UN|00|11062000||00||18,00||
|0220|UN|1,000000|
|0200|1|FARINHA DE MESA DA ROCA 1K|SEM GTIN||UN|00|11062000||00||18,00||
|0220|UN|1,000000|
|0200|1|FARINHA DE ROSCA 20/500 G|17896016500906||EN|00|19059090||00||18,00||
|0220|EN|1,000000|
|0200|1|FARINHA DE ROSCA C. PEREIRA - 20 X 500 G|17898084090310||FD|00|19019090||00||12,00||
|0220|FD|1,000000|
|0200|1|FARINHA DE ROSCA GRANFINO 500G|SEM GTIN||UN|00|19059090||00||0,00||
|0220|UN|1,000000|
|0200|1|FARINHA DE ROSCA KG|SEM GTIN||KG|00|07019000||00||0,00||
|0220|KG|1,000000|
|0200|1|FARINHA DE TRIGO GRANFINO 1KG|SEM GTIN||UN|00|11010010||00||18,00||
|0220|UN|1,000000|
|0200|1|FARINHA DE TRIGO PRIMOR KG|7891080147807||UN|00|11010010||00||18,00||
|0220|UN|1,000000|
|0200|1|FARINHA DE TRIGO PRIMOR KG|SEM GTIN||UN|00|11010010||00||18,00||
|0220|UN|1,000000|
|0200|1|FARINHA GROSSA GRANFINO 1KG|SEM GTIN||UN|00|11062000||00||18,00||
|0220|UN|1,000000|
|0200|1|FARINHA GROSSA GRANFINO 500G|SEM GTIN||UN|00|11062000||00||18,00||
|0220|UN|1,000000|
|0200|1|FARINHA LACTEA NESTLE 210G|SEM GTIN||UN|00|19011020||00||0,00||
|0220|UN|1,000000|
|0200|1|FARINHA LACTEA NESTLE 210GR SH(24)|7891000099032||UN|00|19011020||00||18,00||
|0220|UN|1,000000|
|0200|1|FARINHA LACTEA NESTLE 400G|SEM GTIN||UN|00|19011020||00||0,00||
|0220|UN|1,000000|
|0200|1|FARINHA MAND.CRUA GRANF 500G|SEM GTIN||UN|00|11062000||00||18,00||
|0220|UN|1,000000|
|0200|1|FARINHA TORRADA GRANFINO 1KG|SEM GTIN||UN|00|11062000||00||18,00||
|0220|UN|1,000000|
|0200|1|FARINHA TORRADA GRANFINO 500G|SEM GTIN||UN|00|11062000||00||18,00||
|0220|UN|1,000000|
|0200|1|FAROFA CAS.ALHO ZANA 300G|SEM GTIN||UN|00|19019090||00||18,00||
|0220|UN|1,000000|
|0200|1|FAROFA DE AMD.BACON C.PEREIRA 250G|SEM GTIN||UN|00|19019090||00||18,00||
|0220|UN|1,000000|
|0200|1|FAROFA DE MAND. BACON C. PEREIRRA - 10 X 250 G|SEM GTIN||FD|00|19019090||00||12,00||
|0220|FD|1,000000|
|0200|1|FAROFA DE MAND. CARNE SECA C. PEREIRA - 10 X 250G|SEM GTIN||FD|00|19019090||00||12,00||
|0220|FD|1,000000|
|0200|1|FAROFA DE MAND. PICANTE C. PEREIRA - 10 X 250 G|SEM GTIN||FD|00|19019090||00||12,00||
|0220|FD|1,000000|
|0200|1|FAROFA DE MAND. SUAVE C. PEREIRA - 10 X 250 G|SEM GTIN||FD|00|19019090||00||12,00||
|0220|FD|1,000000|
|0200|1|FAROFA DE MAND. TRADICIONAL C. PEREIRA - 10 X 250|17898084091355||FD|00|19019090||00||12,00||
|0220|FD|1,000000|
|0200|1|FAROFA PRONTA PEREIRA 250G|SEM GTIN||UN|00|19019090||00||18,00||
|0220|UN|1,000000|
|0200|1|FECHO DE ARAME|SEM GTIN||KG|00|72179000||00||0,00||
|0220|KG|1,000000|
|0200|1|FEIJAO BRANCO C. PEREIRA - T1 - 20 X 500 G|SEM GTIN||FD|00|07133329||00||12,00||
|0220|FD|1,000000|
|0200|1|FEIJAO BRANCO GRANF 500G|SEM GTIN||UN|00|07133329||00||0,00||
|0220|UN|1,000000|
|0200|1|FEIJAO CARIOQ GRANF 500G|SEM GTIN||UN|00|07133399||00||0,00||
|0220|UN|1,000000|
|0200|1|FEIJAO CARIOQ.NOLAR KG|SEM GTIN||UN|00|07133399||00||0,00||
|0220|UN|1,000000|
|0200|1|FEIJAO FRADINHO C. PEREIRA - T1 - 20 X 500 G|SEM GTIN||FD|00|07133590||00||12,00||
|0220|FD|1,000000|
|0200|1|FEIJAO FRADINHO G 500G|SEM GTIN||UN|00|07133399||00||0,00||
|0220|UN|1,000000|
|0200|1|FEIJAO MULATINHO 20/500 G|17896016501859||EN|00|07133399||00||0,00||
|0220|EN|1,000000|
|0200|1|FEIJAO PRETO|SEM GTIN||KG|00|07133319||00||0,00||
|0220|KG|1,000000|
|0200|1|FEIJAO PRETO|SEM GTIN||KG|00|07133399||00||0,00||
|0220|KG|1,000000|
|0200|1|FEIJAO PRETO CALDO PREMIUM MAIS 1KG|7898642950011||UN|00|07133319||00||0,00||
|0220|UN|1,000000|
|0200|1|FEIJAO PRETO CALDO PREMIUM MAIS 1KG|SEM GTIN||UN|00|07133319||00||0,00||
|0220|UN|1,000000|
|0200|1|FEIJAO PRETO KICALDO KG|SEM GTIN||UN|00|07133319||00||0,00||
|0220|UN|1,000000|
|0200|1|FEIJAO PRETO MACIO 1KG|SEM GTIN||UN|00|07133319||00||0,00||
|0220|UN|1,000000|
|0200|1|FEIJAO PRETO MACIO FD 30 X 1 TP1 C. CLASS 00525 LT 07 - 22 -|SEM GTIN||FD|00|07133319||00||12,00||
|0220|FD|1,000000|
|0200|1|FEIJAO VERM GRANF 500G|SEM GTIN||UN|00|07133399||00||0,00||
|0220|UN|1,000000|
|0200|1|FEIJAO VERMELHO 20/500 G|17896016500791||EN|00|07133399||00||0,00||
|0220|EN|1,000000|
|0200|1|FERM BIOL FRESCO FLEISCH 1 X 500G MD|7898409957062||PC|00|21021090||00||18,00||
|0220|PC|1,000000|
|0200|1|FERM.BIOL FRESCO FLEISCH 1 X 500G|7898409952159||PC|00|21021090||00||18,00||
|0220|PC|1,000000|
|0200|1|FERM.PO QUIMICO FLEISCH 2KG|7898409955259||PC|00|21023000||00||18,00||
|0220|PC|1,000000|
|0200|1|FERMENTO BIOLOGICO 10G|SEM GTIN||UN|00|21023000||00||18,00||
|0220|UN|1,000000|
|0200|1|FERMENTO EM PO ROYAL 250G|SEM GTIN||UN|00|21023000||00||18,00||
|0220|UN|1,000000|
|0200|1|FERMENTO P/ PAO KG|SEM GTIN||KG|00|07019000||00||0,00||
|0220|KG|1,000000|
|0200|1|FERMENTO PO ROYAL 100GR L12P11 (6)|7622210992918||UN|00|21023000||00||18,00||
|0220|UN|1,000000|
|0200|1|FERMENTO PO ROYAL 12/100g L12P11 CX06|7622300119621||ES|00|21023000||00||18,00||
|0220|ES|1,000000|
|0200|1|FERMENTO QUIMICO PO 6XDP12X100G|27898409951040||DP|00|21023000||00||18,00||
|0220|DP|1,000000|
|0200|1|FERMENTO ROYAL 100G|SEM GTIN||UN|00|21023000||00||18,00||
|0220|UN|1,000000|
|0200|1|FERRO DE SOLDA 30W 127V G12/127|SEM GTIN||UN|00|85151100||00||18,00||
|0220|UN|1,000000|
|0200|1|FIGADO BOV. CONG. DEFAULT CX/*25KG|SEM GTIN||KG|00|02062200||00||12,00||
|0220|KG|1,000000|
|0200|1|FIGADO BOVINO KG|SEM GTIN||KG|00|02062200||00||0,00||
|0220|KG|1,000000|
|0200|1|FIGADO CONG BOVINO CX 21 A 27KG 1X1|SEM GTIN||KG|00|02062200||00||12,00||
|0220|KG|1,000000|
|0200|1|FIGADO DE FGO ( PCT 1KG)  LAR CX15KG|SEM GTIN||CX|00|02071400||00||12,00||
|0220|CX|1,000000|
|0200|1|FIGADO DE FRANGO KG|SEM GTIN||KG|00|02071400||00||0,00||
|0220|KG|1,000000|
|0200|1|FILE DE FGO (MEIO PEITO) C/SAL  LAR 6PCT 2KG  CX12KG|SEM GTIN||CX|00|02071400||00||12,00||
|0220|CX|1,000000|
|0200|1|FILE DE FGO INT ARAÃ‡A CX15KG|SEM GTIN||CX|00|02071400||00||12,00||
|0220|CX|1,000000|
|0200|1|FILE DE FRANGO|SEM GTIN||KG|00|02071400||00||0,00||
|0220|KG|1,000000|
|0200|1|FILE DE PANGA PRIME ACQUA VIVA  CX 10KG|SEM GTIN||CX|00|03046290||00||18,00||
|0220|CX|1,000000|
|0200|1|FILE DE PANGA PRIME ACQUA VIVA KG|SEM GTIN||KG|00|03046290||00||0,00||
|0220|KG|1,000000|
|0200|1|FILME PLAST.38X300|SEM GTIN||UND|00|39204390||00||0,00||
|0220|UND|1,000000|
|0200|1|FILME PVC 380X300 LUSAFILM|SEM GTIN||UN|00|39204390||00||0,00||
|0220|UN|1,000000|
|0200|1|FILME PVC FORTPACK 30M|SEM GTIN||UN|00|39204390||00||18,00||
|0220|UN|1,000000|
|0200|1|FILME PVC LIFE CLEAN 30M|SEM GTIN||UN|00|39204390||00||18,00||
|0220|UN|1,000000|
|0200|1|FILT P PIMPINELA 102|SEM GTIN||UN|00|48232099||00||0,00||
|0220|UN|1,000000|
|0200|1|FILTRO CAFE BRIGITTA 102|SEM GTIN||UN|00|48232099||00||0,00||
|0220|UN|1,000000|
|0200|1|FILTRO MELITTA 102 30UN|SEM GTIN||UN|00|48232099||00||0,00||
|0220|UN|1,000000|
|0200|1|FILTRO PAP PIMP 102/30 RED DES 40X30UN|7896081805107||UN|00|48232099||00||0,00||
|0220|UN|1,000000|
|0200|1|FILTRO PAPEL BRIG.102|SEM GTIN||UN|00|48232099||00||0,00||
|0220|UN|1,000000|
|0200|1|FILTRO PAPEL BRIGITTA 103|SEM GTIN||UN|00|48232099||00||0,00||
|0220|UN|1,000000|
|0200|1|FINI TUBES UVA 17G|SEM GTIN||UN|00|17049020||00||18,00||
|0220|UN|1,000000|
|0200|1|FITA 12X40 POLISIL C/10 DUREX|SEM GTIN||PT|00|59061000||00||18,00||
|0220|PT|1,000000|
|0200|1|FITA DECORAT.LAPISPEL 10M|SEM GTIN||UN|00|95059000||00||18,00||
|0220|UN|1,000000|
|0200|1|FITA DUPFACE BANAN.12X1,5 TEKBO.EN|7898472262711||RL|00|39191090||00||4,00||
|0220|RL|1,000000|
|0200|1|FITA DUPFACE TRANSP.12X02M ADELBRA|7896603803062||UN|00|35069190||00||12,00||
|0220|UN|1,000000|
|0200|1|FITA DUPLA FACE 12X30 C/6|SEM GTIN||PT|00|59061000||00||18,00||
|0220|PT|1,000000|
|0200|1|FITA EMPACOT.TRANSP 45X40 KORETC C5|SEM GTIN||UN|00|39191010||00||18,00||
|0220|UN|1,000000|
|0200|1|FITA ISOLANT05MX18MM IMPERI.3M C10|7891040090624||PT|00|39191020||00||12,00||
|0220|PT|1,000000|
|0200|1|FITILHO P/PRESENTE LISO 5MMX50MT PT C/10 PTO 17|SEM GTIN||PT|00|39202019||00||18,00||
|0220|PT|1,000000|
|0200|1|FITILHO P/PRESENTE LISO PCT C/10 RL PRTA20|SEM GTIN||UN|00|39202019||00||18,00||
|0220|UN|1,000000|
|0200|1|FITILHO P/PRESENTE LISO PCT C/10RL AM 04|SEM GTIN||PT|00|39202019||00||18,00||
|0220|PT|1,000000|
|0200|1|FITILHO P/PRESENTE LISO PCT C/10RL AZ 02|SEM GTIN||PT|00|39202019||00||18,00||
|0220|PT|1,000000|
|0200|1|FITILHO P/PRESENTE LISO PCT C/10RL AZ 08|SEM GTIN||PT|00|39202019||00||18,00||
|0220|PT|1,000000|
|0200|1|FITILHO P/PRESENTE LISO PCT C/10RL BCO 01|SEM GTIN||PT|00|39202019||00||18,00||
|0220|PT|1,000000|
|0200|1|FITILHO P/PRESENTE LISO PCT C/10RL OUR07|SEM GTIN||PT|00|39202019||00||18,00||
|0220|PT|1,000000|
|0200|1|FITILHO P/PRESENTE LISO PCT C/10RL PRTA20|SEM GTIN||PT|00|39202019||00||18,00||
|0220|PT|1,000000|
|0200|1|FITILHO P/PRESENTE LISO PCT C/10RL RS 03|SEM GTIN||PT|00|39202019||00||18,00||
|0220|PT|1,000000|
|0200|1|FITILHO P/PRESENTE LISO PCT C/10RL VD 09|SEM GTIN||PT|00|39202019||00||18,00||
|0220|PT|1,000000|
|0200|1|FITILHO PRES.LISO5MMX50MT PTC/10RL CANDY PINK *|SEM GTIN||PT|00|39202019||00||18,00||
|0220|PT|1,000000|
|0200|1|FJ BRANCO PEREIRA 500G|SEM GTIN||UN|00|07133329||00||0,00||
|0220|UN|1,000000|
|0200|1|FLANELA 38CM X 58CM|SEM GTIN||UN|00|63071000||00||18,00||
|0220|UN|1,000000|
|0200|1|FLEXA COLA 2LT|SEM GTIN||UN|00|22021000||00||0,00||
|0220|UN|1,000000|
|0200|1|FLEXA GELADO|SEM GTIN||UN|00|22021000||00||0,00||
|0220|UN|1,000000|
|0200|1|FLEXA GUARANA 2LT|SEM GTIN||UN|00|22021000||00||0,00||
|0220|UN|1,000000|
|0200|1|FLEXA LARANJA 2LT|SEM GTIN||UN|00|22021000||00||0,00||
|0220|UN|1,000000|
|0200|1|FLEXA LIMAO 2LT|SEM GTIN||UN|00|22021000||00||0,00||
|0220|UN|1,000000|
|0200|1|FLEXA UVA 2LT|SEM GTIN||UN|00|22021000||00||0,00||
|0220|UN|1,000000|
|0200|1|FLOCAO GRANFINO 20/500 G|17896016502429||EN|00|11022000||00||18,00||
|0220|EN|1,000000|
|0200|1|FLOCAO GRANFINO 500G|SEM GTIN||UN|00|11022000||00||18,00||
|0220|UN|1,000000|
|0200|1|FLOKIMEL EMILIA 30G|SEM GTIN||UN|00|19041000||00||0,00||
|0220|UN|1,000000|
|0200|1|FOFURA ASSADO CEBOLA 40G|SEM GTIN||UN|00|19041000||00||0,00||
|0220|UN|1,000000|
|0200|1|FOFURA ASSADO PRESUNTO 40G|SEM GTIN||UN|00|19041000||00||0,00||
|0220|UN|1,000000|
|0200|1|FOFURA ASSADO REQUEIJAO 40G|SEM GTIN||UN|00|19041000||00||0,00||
|0220|UN|1,000000|
|0200|1|FOLHA DE LOURO UN|SEM GTIN||UN|00|09109900||00||18,00||
|0220|UN|1,000000|
|0200|1|FORMA DE PUDIM P/MICRO 6630|SEM GTIN||UN|00|39241000||00||0,00||
|0220|UN|1,000000|
|0200|1|FORMA P/EMPADAS N 4 C/2UN|SEM GTIN||UN|00|76151000||00||18,00||
|0220|UN|1,000000|
|0200|1|FORMICIDA GEL FORMICEL 6X10G|7898231360337||CX|00|38089119||00||12,00||
|0220|CX|1,000000|
|0200|1|FORMINHA DE PAPEL N.0|SEM GTIN||UN|00|48236900||00||0,00||
|0220|UN|1,000000|
|0200|1|FORMINHA N5 CORACAO|SEM GTIN||UN|00|48236900||00||0,00||
|0220|UN|1,000000|
|0200|1|FORMINHA N5 VERDE|SEM GTIN||UN|00|48236900||00||0,00||
|0220|UN|1,000000|
|0200|1|FOSFORO|SEM GTIN||UN|00|36050000||00||0,00||
|0220|UN|1,000000|
|0200|1|FOSFORO|SEM GTIN||UN|00|36050000||00||18,00||
|0220|UN|1,000000|
|0200|1|FOSFORO CAIXA UNIDADE|SEM GTIN||UN|00|36050000||00||18,00||
|0220|UN|1,000000|
|0200|1|FOSFORO GABOARDI 200PL|7896279200011||UN|00|36050000||00||18,00||
|0220|UN|1,000000|
|0200|1|FOSFORO GABOARDI PCT C/10 CXS|7896279200103||UN|00|36050000||00||18,00||
|0220|UN|1,000000|
|0200|1|FOSFORO GABOARDI PCT C/10 CXS|SEM GTIN||UN|00|36050000||00||18,00||
|0220|UN|1,000000|
|0200|1|FOSFORO PARANA C/50 UN|SEM GTIN||UN|00|36050000||00||18,00||
|0220|UN|1,000000|
|0200|1|FRALDA PERSONAL BABY JUMBINHO G 14UN|07896110009742||PC|00|96190000||00||12,00||
|0220|PC|1,000000|
|0200|1|FRALDA PERSONAL BABY JUMBINHO XG 12UN|07896110009735||PC|00|96190000||00||12,00||
|0220|PC|1,000000|
|0200|1|FRALDAS BABYSEC C/18 -G|SEM GTIN||UN|00|96190000||00||0,00||
|0220|UN|1,000000|
|0200|1|FRALDAS BABYSEC M C/18|SEM GTIN||UN|00|96190000||00||0,00||
|0220|UN|1,000000|
|0200|1|FRALDAS GERIAT.MASTERFRAL G|SEM GTIN||UN|00|96190000||00||0,00||
|0220|UN|1,000000|
|0200|1|FRALDAS LOOPING EG|SEM GTIN||UN|00|96190000||00||0,00||
|0220|UN|1,000000|
|0200|1|FRALDAS LOOPING M|SEM GTIN||UN|00|96190000||00||0,00||
|0220|UN|1,000000|
|0200|1|FRALDAS LOOPING P|SEM GTIN||UN|00|96190000||00||0,00||
|0220|UN|1,000000|
|0200|1|FRALDAS PAMPERS XG|SEM GTIN||UN|00|96190000||00||0,00||
|0220|UN|1,000000|
|0200|1|FRANGO A PASSARINHO KG|SEM GTIN||KG|00|07019000||00||0,00||
|0220|KG|1,000000|
|0200|1|FRIGIDEIRA MESTRE CHEF 28 - CABO BAQUELITE 16674|SEM GTIN||UN|00|76151000||00||18,00||
|0220|UN|1,000000|
|0200|1|FRISA SALSICHA LT 300G|SEM GTIN||UN|00|16010000||00||18,00||
|0220|UN|1,000000|
|0200|1|FT TIPO 1 PRIMOR PLAS TRAV 10X1KG BR|17891080147811||FD|00|11010010||00||18,00||
|0220|FD|1,000000|
|0200|1|FTrifaPicante250|7891203067821||UN|00|19019090||00||18,00||
|0220|UN|1,000000|
|0200|1|FUBA|SEM GTIN||KG|00|11022000||00||0,00||
|0220|KG|1,000000|
|0200|1|FUBA|SEM GTIN||KG|00|11022000||00||18,00||
|0220|KG|1,000000|
|0200|1|FUBA C. PEREIRA - 20 X 1 KG|17898084090464||FD|00|11022000||00||12,00||
|0220|FD|1,000000|
|0200|1|FUBA DE MILHO 20/1 KG|17896016500029||EN|00|11022000||00||18,00||
|0220|EN|1,000000|
|0200|1|FUBA DE MILHO 20/500 G|17896016500012||EN|00|11022000||00||18,00||
|0220|EN|1,000000|
|0200|1|FUBA GRANFINO 1KG|7896016500022||UN|00|11022000||00||18,00||
|0220|UN|1,000000|
|0200|1|FUBA GRANFINO 1KG|SEM GTIN||UN|00|11022000||00||18,00||
|0220|UN|1,000000|
|0200|1|FUBA GRANFINO 500G|SEM GTIN||UN|00|11022000||00||18,00||
|0220|UN|1,000000|
|0200|1|FUBA PEREIRA 1KG|SEM GTIN||UN|00|11022000||00||18,00||
|0220|UN|1,000000|
|0200|1|FUBARINA GRANF 500G|SEM GTIN||UN|00|11041900||00||18,00||
|0220|UN|1,000000|
|0200|1|FUNIL DE PLASTICO UNIPOP|SEM GTIN||UN|00|39241000||00||0,00||
|0220|UN|1,000000|
|0200|1|FUNIL PLAST.10CM BOCAX11,4CM COMP.2177|SEM GTIN||UN|00|39241000||00||0,00||
|0220|UN|1,000000|
|0200|1|FURADOR DE COCO INOX|SEM GTIN||UN|00|82055100||00||18,00||
|0220|UN|1,000000|
|0200|1|Farinha Lactea Nestle..400g|17891000025212||CX24|00|19011020||00||12,00||
|0220|CX24|1,000000|
|0200|1|Filtro Cafe Brigitta 102..6x30un|27891021002114||CX8|00|48232099||00||12,00||
|0220|CX8|1,000000|
|0200|1|GALAK CookieGotasChocBranco 52x60gBR|7891000350072||UNI|00|19053100||00||18,00||
|0220|UNI|1,000000|
|0200|1|GARFO DE JANTAR C.CABO PLAST. 6PCS RJUD0036|7908212172252||Un|00|82159910||00||0,00||
|0220|Un|1,000000|
|0200|1|GARFO DE JANTAR C.CABO PLAST. 6PCS RJUD0056|7908346285323||Un|00|82159910||00||0,00||
|0220|Un|1,000000|
|0200|1|GARFO DE JANTAR C.CABO PLAST. 6PCS RJUD0068|7908256518146||Un|00|82159910||00||0,00||
|0220|Un|1,000000|
|0200|1|GARFO DE JANTAR C.CABO PLAST. 6PCS RJUD0072|7908256518184||Un|00|82159910||00||0,00||
|0220|Un|1,000000|
|0200|1|GARFO DESC. PLAZAPEL|SEM GTIN||UN|00|39241000||00||0,00||
|0220|UN|1,000000|
|0200|1|GARFOS DESC. BELOCOPO 50UN|SEM GTIN||UN|00|39241000||00||0,00||
|0220|UN|1,000000|
|0200|1|GARGANTA KG|SEM GTIN||KG|00|07101000||00||0,00||
|0220|KG|1,000000|
|0200|1|GARRAFA ESPORTIVA RATTAN 540ML 470585|SEM GTIN||UN|00|39249000||00||18,00||
|0220|UN|1,000000|
|0200|1|GARRAFA ESPORTIVA RATTAN 600ML 470586|SEM GTIN||UN|00|39249000||00||18,00||
|0220|UN|1,000000|
|0200|1|GARRAFA PET 750 ML SQUEZZE COLORIDO|7895099932140||Un|00|39249000||00||0,00||
|0220|Un|1,000000|
|0200|1|GARRAFA SLEEVE ONCINHA 250ML|SEM GTIN||UN|00|39233090||00||18,00||
|0220|UN|1,000000|
|0200|1|GARRAFA SLEEVE SAFARI 250ML|SEM GTIN||UN|00|39233090||00||18,00||
|0220|UN|1,000000|
|0200|1|GATORADE 500ML MELANCIA|SEM GTIN||UN|00|22029900||00||0,00||
|0220|UN|1,000000|
|0200|1|GATORADE FRUT C 500ML|SEM GTIN||UN|00|22029900||00||0,00||
|0220|UN|1,000000|
|0200|1|GATORADE FRUTAS CITRICAS PET 500ML SIXPACK|7892840808464||cx|00|22029900||00||18,00||
|0220|cx|1,000000|
|0200|1|GATORADE LARANJA 500ML|SEM GTIN||UN|00|22029900||00||0,00||
|0220|UN|1,000000|
|0200|1|GATORADE LARANJA PET 500ML SIXPACK|7892840808471||cx|00|22029900||00||18,00||
|0220|cx|1,000000|
|0200|1|GATORADE LIMAO 500ML|SEM GTIN||UN|00|22029900||00||0,00||
|0220|UN|1,000000|
|0200|1|GATORADE LIMAO PET 500ML SIXPACK|7892840808488||cx|00|22029900||00||18,00||
|0220|cx|1,000000|
|0200|1|GATORADE MARACUJA 500ML|SEM GTIN||UN|00|22029900||00||0,00||
|0220|UN|1,000000|
|0200|1|GATORADE MARACUJA PET 500ML SIXPACK|7892840808518||cx|00|22029900||00||18,00||
|0220|cx|1,000000|
|0200|1|GATORADE MELANCIA-MORANGO PET 500ML SIXPACK|7892840819439||cx|00|22029900||00||18,00||
|0220|cx|1,000000|
|0200|1|GATORADE MOR MAR 500ML|SEM GTIN||UN|00|22029900||00||0,00||
|0220|UN|1,000000|
|0200|1|GATORADE MORANGO-MARACUJA PET 500ML SIXPACK|7892840808440||cx|00|22029900||00||18,00||
|0220|cx|1,000000|
|0200|1|GATORADE TANGERINA 500ML|SEM GTIN||UN|00|22029900||00||0,00||
|0220|UN|1,000000|
|0200|1|GATORADE TANGERINA PET 500ML SIXPACK|7892840808495||cx|00|22029900||00||18,00||
|0220|cx|1,000000|
|0200|1|GATORADE UVA 500ML|SEM GTIN||UN|00|22029900||00||0,00||
|0220|UN|1,000000|
|0200|1|GATORADE UVA PET 500ML SIXPACK|7892840808501||cx|00|22029900||00||18,00||
|0220|cx|1,000000|
|0200|1|GEL CAP KANECHOM 230G|SEM GTIN||UN|00|33059000||00||0,00||
|0220|UN|1,000000|
|0200|1|GEL DENT SORRISO F 90G|SEM GTIN||UN|00|33061000||00||18,00||
|0220|UN|1,000000|
|0200|1|GEL FIX KANECHOM 230G|SEM GTIN||UN|00|33059000||00||0,00||
|0220|UN|1,000000|
|0200|1|GEL FIXADOR BOZZANO 300G|SEM GTIN||UN|00|33059000||00||0,00||
|0220|UN|1,000000|
|0200|1|GEL MOC ITAL NAT 220G|SEM GTIN||UN|00|21069090||00||18,00||
|0220|UN|1,000000|
|0200|1|GEL MOCO ELLO TUTTI F 220G|SEM GTIN||UN|00|21069090||00||18,00||
|0220|UN|1,000000|
|0200|1|GEL.MOC.ELLO MOR.200G|SEM GTIN||UN|00|21069090||00||18,00||
|0220|UN|1,000000|
|0200|1|GEL.MOC.ELLO T.FRUTI 200G|SEM GTIN||UN|00|21069090||00||18,00||
|0220|UN|1,000000|
|0200|1|GEL.MOC.ELLO UVA 200G|SEM GTIN||UN|00|21069090||00||18,00||
|0220|UN|1,000000|
|0200|1|GELAT APTI S/SABOR 12G|SEM GTIN||UN|00|21069029||00||18,00||
|0220|UN|1,000000|
|0200|1|GELATINA APT UVA 35G|SEM GTIN||UN|00|21069029||00||18,00||
|0220|UN|1,000000|
|0200|1|GELATINA APTI FRA 35G|SEM GTIN||UN|00|21069029||00||18,00||
|0220|UN|1,000000|
|0200|1|GELATINA APTI ZERO 12G|SEM GTIN||UN|00|21069029||00||18,00||
|0220|UN|1,000000|
|0200|1|GELATINA ROYAL MORANGO 25G|SEM GTIN||UN|00|21069029||00||18,00||
|0220|UN|1,000000|
|0200|1|GELEIA DE MOC.ELLO NAT.200G|SEM GTIN||UN|00|21069090||00||18,00||
|0220|UN|1,000000|
|0200|1|GELEIA DE UVA DUCOPO 230G|SEM GTIN||UN|00|20079910||00||0,00||
|0220|UN|1,000000|
|0200|1|GELEIA MCT FRAMBOESA  TP 220G|7898079292968||UN|00|21069090||00||18,00||
|0220|UN|1,000000|
|0200|1|GELEIA MCT NATURAL  TP 220G|7898079292982||UN|00|21069090||00||18,00||
|0220|UN|1,000000|
|0200|1|GELEIA MOC UVA 220G|SEM GTIN||UN|00|21069090||00||18,00||
|0220|UN|1,000000|
|0200|1|GELEINHA AMOEBA DIVERTIDA C24|27897474200077||CX|00|95030080||00||12,00||
|0220|CX|1,000000|
|0200|1|GELEINHA AMOEBA METALIZADA C24|17897474200124||CX|00|95030080||00||12,00||
|0220|CX|1,000000|
|0200|1|GENGIBRE KG|SEM GTIN||KG|00|07099990||00||0,00||
|0220|KG|1,000000|
|0200|1|GIN TONICA BEATS 269ML|SEM GTIN||UN|00|22089000||00||37,00||
|0220|UN|1,000000|
|0200|1|GIZ DE CERA GROSSO 12X6 CORES 301|SEM GTIN||PT|00|96099000||00||18,00||
|0220|PT|1,000000|
|0200|1|GL-ROYAL TRAD FRAMBOESA 15/25 CX 06|7622300859930||ES|00|21069029||00||18,00||
|0220|ES|1,000000|
|0200|1|GL-ROYAL TRAD MORANGO 15/25 CX 06|7622300859817||ES|00|21069029||00||18,00||
|0220|ES|1,000000|
|0200|1|GLACUCAR UNIAO 500G|SEM GTIN||UN|00|17019900||00||0,00||
|0220|UN|1,000000|
|0200|1|GOIABADA AMORE TBL.300G|7897977903716||UN|00|20071000||00||0,00||
|0220|UN|1,000000|
|0200|1|GOIABADA CASCAO CARDOSO 500G|SEM GTIN||UN|00|20079990||00||0,00||
|0220|UN|1,000000|
|0200|1|GOIABADA CORTE PIAUI KG|SEM GTIN||KG|00|07101000||00||0,00||
|0220|KG|1,000000|
|0200|1|GOIABADA DEZ 1,01KG|SEM GTIN||KG|00|20079990||00||18,00||
|0220|KG|1,000000|
|0200|1|GOMA FINI TUBES 17g|SEM GTIN||UN|00|17049020||00||18,00||
|0220|UN|1,000000|
|0200|1|GOMA FINI TUBES FREMB.17G|SEM GTIN||UN|00|17049020||00||18,00||
|0220|UN|1,000000|
|0200|1|GOMA MINHOCAS FINI 15G|SEM GTIN||UN|00|17049020||00||18,00||
|0220|UN|1,000000|
|0200|1|GOMA PARA TAPIOCA 500G|7898079293958||UN|00|19030000||00||18,00||
|0220|UN|1,000000|
|0200|1|GOMA PARA TAPIOCA ITAL. 500G|SEM GTIN||UN|00|19030000||00||18,00||
|0220|UN|1,000000|
|0200|1|GORDURA VEGETAL PRIMOR 500G|SEM GTIN||UN|00|15162000||00||18,00||
|0220|UN|1,000000|
|0200|1|GRAFITE 2MM|SEM GTIN||UN|00|96092000||00||18,00||
|0220|UN|1,000000|
|0200|1|GRAFITE EM PO 072|7898379461859||Un|00|25041000||00||0,00||
|0220|Un|1,000000|
|0200|1|GRAMPO GRAMPEADOR 26/6 12X5000.NIQ|27897476615060||CX|00|83052000||00||4,00||
|0220|CX|1,000000|
|0200|1|GRAMPO P/GRAMPEADOR 26/6 10X1000 WPG06023|SEM GTIN||PT|00|83052000||00||18,00||
|0220|PT|1,000000|
|0200|1|GRAMPOS P/CABELO|SEM GTIN||UN|00|96159000||00||0,00||
|0220|UN|1,000000|
|0200|1|GRANOLA C / CASTANHAS BIOSOFT 230G UNIDADE|7896837100708||UN|00|19042000||00||20,00||
|0220|UN|1,000000|
|0200|1|GRANOLA C/FRUTAS ZERO BIOSOFT 230G UNIDADE|7896837100043||UN|00|19042000||00||20,00||
|0220|UN|1,000000|
|0200|1|GRANOLA COMPLETA BIOSOFT 230G UNIDADE|7896837100036||UN|00|19042000||00||20,00||
|0220|UN|1,000000|
|0200|1|GRANOLA INT.DA FAZ.230G|SEM GTIN||UN|00|19041000||00||0,00||
|0220|UN|1,000000|
|0200|1|GRANULADO CHOC. DORI 120G|SEM GTIN||UN|00|18069000||00||0,00||
|0220|UN|1,000000|
|0200|1|GRAO DE BICO C. PEREIRA - 20 X 500 G - NAC.|7898084090177||FD|00|07132090||00||12,00||
|0220|FD|1,000000|
|0200|1|GUAR COQUET 21X23 50UN|SEM GTIN||UN|00|48183000||00||0,00||
|0220|UN|1,000000|
|0200|1|GUARACRAC GISENG 450ML|SEM GTIN||UN|00|22021000||00||0,00||
|0220|UN|1,000000|
|0200|1|GUARANA ANTARCTICA 1L|SEM GTIN||UN|00|22021000||00||0,00||
|0220|UN|1,000000|
|0200|1|GUARANA ANTARCTICA 2LT|7891991001342||UN|00|22021000||00||0,00||
|0220|UN|1,000000|
|0200|1|GUARANA ANTARCTICA 2LT|SEM GTIN||UN|00|22021000||00||0,00||
|0220|UN|1,000000|
|0200|1|GUARANA CHP ANTARCTICA DIET PET 2L CAIXA C/6|7891991002479||cx|00|22021000||00||16,00||
|0220|cx|1,000000|
|0200|1|GUARANA CHP ANTARCTICA PET 1,5 SHRINK C/6|7891991008778||cx|00|22021000||00||16,00||
|0220|cx|1,000000|
|0200|1|GUARANA CHP ANTARCTICA PET 1L PACK C/2 MULTPACK|7891991015868||cx|00|22021000||00||16,00||
|0220|cx|1,000000|
|0200|1|GUARANA CHP ANTARCTICA PET 2L CAIXA C/6|7891991003148||cx|00|22021000||00||16,00||
|0220|cx|1,000000|
|0200|1|GUARANA CURTY 290ML|SEM GTIN||UN|00|22021000||00||0,00||
|0220|UN|1,000000|
|0200|1|GUARANA FLEXA 2000ML/06 UN PET DESC|17896579420024||CX|00|22021000||00||16,00||
|0220|CX|1,000000|
|0200|1|GUARANA PO LV 06 X 100G FARDO C /|2000364000003||FD|00|21069030||00||18,00||
|0220|FD|1,000000|
|0200|1|GUARAVITA 290ML|SEM GTIN||UN|00|22021000||00||0,00||
|0220|UN|1,000000|
|0200|1|GUARAVITA NAT COPO PLAST 290ML CX C/24|27898923217035||cx|00|22021000||00||0,00||
|0220|cx|1,000000|
|0200|1|GUARAVITON 500ML|SEM GTIN||UN|00|22021000||00||0,00||
|0220|UN|1,000000|
|0200|1|GUARAVITON NAT GINSENG 500ML|SEM GTIN||UN|00|22021000||00||0,00||
|0220|UN|1,000000|
|0200|1|GUARAVITON NAT GINSENG GFA PET 500ML PACK C/12|17898923217014||cx|00|22021000||00||0,00||
|0220|cx|1,000000|
|0200|1|GUARD BOB 20X23 18/50 CX 4|7896089403152||ES|00|48183000||00||18,00||
|0220|ES|1,000000|
|0200|1|GUARDA CHUVA|SEM GTIN||UN|00|66019190||00||18,00||
|0220|UN|1,000000|
|0200|1|GUARDANAPO BOB 50UN|SEM GTIN||UN|00|48183000||00||0,00||
|0220|UN|1,000000|
|0200|1|GUARDANAPOS TROPICOS 29,5X29,5CM|SEM GTIN||UN|00|48183000||00||0,00||
|0220|UN|1,000000|
|0200|1|H2O LIMAO 500ML|SEM GTIN||UN|00|22021000||00||0,00||
|0220|UN|1,000000|
|0200|1|H2O LIMONETO 500ML|SEM GTIN||UN|00|22021000||00||0,00||
|0220|UN|1,000000|
|0200|1|H2OH LIMAO C/GAS PET 500ML CAIXA C/12|7892840812447||cx|00|22021000||00||16,00||
|0220|cx|1,000000|
|0200|1|H2OH LIMONETO PET 500ML SHRINK C/12 NPAL|7892840812867||cx|00|22021000||00||16,00||
|0220|cx|1,000000|
|0200|1|HALL UVA VERDE 28G|SEM GTIN||UN|00|17049020||00||18,00||
|0220|UN|1,000000|
|0200|1|HALLS CEREJA 28G|SEM GTIN||UN|00|17049020||00||18,00||
|0220|UN|1,000000|
|0200|1|HALLS EXT FORT 27,5G|SEM GTIN||UN|00|17049020||00||18,00||
|0220|UN|1,000000|
|0200|1|HALLS MELANCIA 28G|SEM GTIN||UN|00|17049020||00||18,00||
|0220|UN|1,000000|
|0200|1|HALLS MENTA 28G|SEM GTIN||UN|00|17049020||00||18,00||
|0220|UN|1,000000|
|0200|1|HALLS UVA VERDE 28G|SEM GTIN||UN|00|17049020||00||18,00||
|0220|UN|1,000000|
|0200|1|HAMB AVE/SUI/BOV 2,016KG FRISA|7896481916236||KG|00|16023230||00||12,00||
|0220|KG|1,000000|
|0200|1|HAMB BOV SABOR PICANHA 2,16 KG|7896481902109||KG|00|16025000||00||12,00||
|0220|KG|1,000000|
|0200|1|HAMB FRANGO 56G CX 2,016 G ENV|7896481901478||KG|00|16023290||00||12,00||
|0220|KG|1,000000|
|0200|1|HAMB.DE FRANGO FRISA KG|SEM GTIN||KG|00|07101000||00||0,00||
|0220|KG|1,000000|
|0200|1|HAMBURGUER BOVINO FRISA KG|SEM GTIN||KG|00|07101000||00||0,00||
|0220|KG|1,000000|
|0200|1|HAMBURGUER GRAN FILE KG|SEM GTIN||KG|00|07101000||00||0,00||
|0220|KG|1,000000|
|0200|1|HASTE FLEX COTTONBABY CARTUCHO 75UN(72)|7896227620014||UN|00|56012190||00||18,00||
|0220|UN|1,000000|
|0200|1|HAV TOP 22/23 BRANCO 35/6|7891109714478||PAR|00|64022000||00||18,00||
|0220|PAR|1,000000|
|0200|1|HAV TOP 22/23 BRANCO 37/8|7891109714485||PAR|00|64022000||00||18,00||
|0220|PAR|1,000000|
|0200|1|HAV TOP 22/23 BRANCO 39/0|7891109714492||PAR|00|64022000||00||18,00||
|0220|PAR|1,000000|
|0200|1|HAV TOP 22/23 BRANCO 41/2|7891109714508||PAR|00|64022000||00||18,00||
|0220|PAR|1,000000|
|0200|1|HAV TOP 22/23 BRANCO 43/4|7891109714515||PAR|00|64022000||00||18,00||
|0220|PAR|1,000000|
|0200|1|HAV TOP 22/23 PRETO 37/8|7891109486214||PAR|00|64022000||00||18,00||
|0220|PAR|1,000000|
|0200|1|HAV TOP 22/23 PRETO 39/0|7891109486221||PAR|00|64022000||00||18,00||
|0220|PAR|1,000000|
|0200|1|HAV TOP 22/23 PRETO 41/2|7891109486238||PAR|00|64022000||00||18,00||
|0220|PAR|1,000000|
|0200|1|HAV TOP 22/23 PRETO 43/4|7891109486245||PAR|00|64022000||00||18,00||
|0220|PAR|1,000000|
|0200|1|HAV. TOP FC 39/40 BRANCO|SEM GTIN||UN|00|64022000||00||18,00||
|0220|UN|1,000000|
|0200|1|HAV. TOP FC 41/42 BRANCO|SEM GTIN||UN|00|64022000||00||18,00||
|0220|UN|1,000000|
|0200|1|HAVAIANAS H.TOP BASIC 41/42|SEM GTIN||UN|00|64022000||00||18,00||
|0220|UN|1,000000|
|0200|1|HAVAIANAS SLIM CACTUS 35/36|SEM GTIN||UN|00|64022000||00||18,00||
|0220|UN|1,000000|
|0200|1|HAVAIANAS SLIM FC|SEM GTIN||UN|00|64022000||00||18,00||
|0220|UN|1,000000|
|0200|1|HENE PELUCIA FORT 180G|SEM GTIN||UN|00|33052000||00||0,00||
|0220|UN|1,000000|
|0200|1|HENE PELUCIA MEDI 180G|SEM GTIN||UN|00|33052000||00||0,00||
|0220|UN|1,000000|
|0200|1|HID PAIXAO 200ML FRAMBOESA NEGRA *|7896235354055||UN1|00|33072090||00||12,00||
|0220|UN1|1,000000|
|0200|1|HID PAIXAO 200ML INSPIRADORA ONLY YOU *|78907850||UN1|00|33072090||00||12,00||
|0220|UN1|1,000000|
|0200|1|HID PAIXAO 200ML IRRESISTIVEL *|78914957||UN1|00|33072090||00||12,00||
|0220|UN1|1,000000|
|0200|1|HID PAIXAO 200ML TENTADORA *|78922686||UN1|00|33072090||00||12,00||
|0220|UN1|1,000000|
|0200|1|HIDR PAIXAO INSPIR.200ML|SEM GTIN||UN|00|33072090||00||0,00||
|0220|UN|1,000000|
|0200|1|HOEGAARDEN WHITE NAC LT 269ML CX CARTAO C/8 NPAL|7891991298483||cx|00|22030000||00||18,00||
|0220|cx|1,000000|
|0200|1|HOT CRACKER PARATI 150G|SEM GTIN||UN|00|19053100||00||0,00||
|0220|UN|1,000000|
|0200|1|ICE FRUIT MIX 51 275ML|SEM GTIN||UN|00|22089000||00||37,00||
|0220|UN|1,000000|
|0200|1|ICE TEA LEAO LIMAO 1,5L|SEM GTIN||UN|00|22021000||00||0,00||
|0220|UN|1,000000|
|0200|1|ICE TEA LEAO PESS.1,5L|SEM GTIN||UN|00|22021000||00||0,00||
|0220|UN|1,000000|
|0200|1|ICE TEA LEAO PESSEGO 300ML|SEM GTIN||UN|00|22021000||00||0,00||
|0220|UN|1,000000|
|0200|1|ICE TEA LIMAO PET 1,5L CX 06UN|17891098040852||CX|00|22021000||00||18,00||
|0220|CX|1,000000|
|0200|1|ICE TEA LIMAO PET 300ML CX 12UN|27891098040835||CX|00|22021000||00||18,00||
|0220|CX|1,000000|
|0200|1|ICE TEA LIPTON LIMAO 350ML|SEM GTIN||UN|00|22021000||00||0,00||
|0220|UN|1,000000|
|0200|1|ICE TEA PESSEGO PET 1,5L CX 06UN|17891098040906||CX|00|22021000||00||18,00||
|0220|CX|1,000000|
|0200|1|ICE TEA PESSEGO PET 300ML CX 12UN|27891098040880||CX|00|22021000||00||18,00||
|0220|CX|1,000000|
|0200|1|INHAME|SEM GTIN||CX|00|07143000||00||0,00||
|0220|CX|1,000000|
|0200|1|INHAME KG|SEM GTIN||KG|00|07069000||00||0,00||
|0220|KG|1,000000|
|0200|1|INHAME KG|SEM GTIN||KG|00|07143000||00||0,00||
|0220|KG|1,000000|
|0200|1|INSET AER MORTEIN 400ml RODASOL A TOTAL|7891035618369||UN|00|38089119||00||18,00||
|0220|UN|1,000000|
|0200|1|INSET.BAYGON AERO A.TOTAL|17894650009960||CXA1|00|38089119||00||18,00||
|0220|CXA1|1,000000|
|0200|1|INSET.BAYGON AERO A.TOTAL 360ML|SEM GTIN||UN|00|38089119||00||18,00||
|0220|UN|1,000000|
|0200|1|INSETIC.MORTEIN EXT.300ML|SEM GTIN||UN|00|38089119||00||18,00||
|0220|UN|1,000000|
|0200|1|INSETICIDA SBP|SEM GTIN||UN|00|34012090||00||0,00||
|0220|UN|1,000000|
|0200|1|INSETICIDA SBP|SEM GTIN||UN|00|38089119||00||18,00||
|0220|UN|1,000000|
|0200|1|IOG ITAMBE MOR 1,25KG|SEM GTIN||UN|00|04032000||00||18,00||
|0220|UN|1,000000|
|0200|1|IOG ITAMBE VITAMINA 540G|SEM GTIN||UN|00|04032000||00||18,00||
|0220|UN|1,000000|
|0200|1|IOG TREVINHO BALL 130G|SEM GTIN||UN|00|04032000||00||18,00||
|0220|UN|1,000000|
|0200|1|IOG. BARQ. FLOCOS GREGO 100G|7896791902691||UN|00|04032000||00||18,00||
|0220|UN|1,000000|
|0200|1|IOG. BARQ. FRUTAS VER. GREGO 100G|7896791902820||UN|00|04032000||00||18,00||
|0220|UN|1,000000|
|0200|1|IOG. BARQ. MORANGO GREGO 100G|7896791902639||UN|00|04032000||00||18,00||
|0220|UN|1,000000|
|0200|1|IOG. COM MEL 170G|7896791902288||UN|00|04032000||00||18,00||
|0220|UN|1,000000|
|0200|1|IOG. LARANJA CEN E MEL 170G|7896791902295||UN|00|04032000||00||18,00||
|0220|UN|1,000000|
|0200|1|IOG. TREV. BALL CONFEITOS 130G|7896791970782||UN|00|04032000||00||18,00||
|0220|UN|1,000000|
|0200|1|IOG. TREVINHO 170G|SEM GTIN||UN|00|04032000||00||18,00||
|0220|UN|1,000000|
|0200|1|IOG.INT.BATAVO MORANGO 500G|SEM GTIN||UN|00|04032000||00||18,00||
|0220|UN|1,000000|
|0200|1|IOG.TREV.GF 180G MOR 0% LAC/ACU/GOR|7896791970966||UN|00|04032000||00||18,00||
|0220|UN|1,000000|
|0200|1|IOG.TREV.GF.180G AMEIXA 0%LAC/ACU/GOR|7896791902226||UN|00|04032000||00||18,00||
|0220|UN|1,000000|
|0200|1|IOGURTE FIT POLPA MOR/MACA/AME BDJ 540G|7896051164142||UN|00|04032000||00||18,00||
|0220|UN|1,000000|
|0200|1|IOGURTE ITAMBE FIT BDJ 540G|SEM GTIN||UN|00|04032000||00||18,00||
|0220|UN|1,000000|
|0200|1|IOGURTE ITAMBE MOR.540g|SEM GTIN||UN|00|04032000||00||18,00||
|0220|UN|1,000000|
|0200|1|IOGURTE LIQ FRUTAS VERM GF 1250G ITAMBE|7896051166269||UN|00|04032000||00||18,00||
|0220|UN|1,000000|
|0200|1|IOGURTE LIQUIDO FRUTAS VERMELHAS GF 170G|7896051123859||UN|00|04032000||00||18,00||
|0220|UN|1,000000|
|0200|1|IOGURTE LIQUIDO ITAMBE KIDS MOR GF 170G|7896051161011||UN|00|04032000||00||18,00||
|0220|UN|1,000000|
|0200|1|IOGURTE LIQUIDO MAMAO/LARANJA GF 170G|7896051123835||UN|00|04032000||00||18,00||
|0220|UN|1,000000|
|0200|1|IOGURTE LIQUIDO MORANGO 1250G|7896051124047||UN|00|04032000||00||18,00||
|0220|UN|1,000000|
|0200|1|IOGURTE LIQUIDO MORANGO GF 170G|7896051123811||UN|00|04032000||00||18,00||
|0220|UN|1,000000|
|0200|1|IOGURTE LIQUIDO VITAMINA 1250G|7896051124030||UN|00|04032000||00||18,00||
|0220|UN|1,000000|
|0200|1|IOGURTE PED FRUTA BAT MORANGO 500G CX12|7891097010781||POT|00|04032000||00||18,00||
|0220|POT|1,000000|
|0200|1|IOGURTE POLPA CEREAIS BANDEJA 540G|7896051164135||UN|00|04032000||00||18,00||
|0220|UN|1,000000|
|0200|1|IOGURTE POLPA MORANGO BANDEJA 540G|7896051122463||UN|00|04032000||00||18,00||
|0220|UN|1,000000|
|0200|1|IOGURTE TREVINHO AMEIXA 180G|SEM GTIN||UN|00|04032000||00||18,00||
|0220|UN|1,000000|
|0200|1|IOGURTE TREVINHO MEL 170G|SEM GTIN||UN|00|04032000||00||18,00||
|0220|UN|1,000000|
|0200|1|ISQUEIRO BIC|SEM GTIN||UN|00|96131000||00||0,00||
|0220|UN|1,000000|
|0200|1|ISQUEIRO BIC MAXI C/12 CX 22|070330631335||CT|00|96131000||00||18,00||
|0220|CT|1,000000|
|0200|1|ITAMBE KIDS MORANGO 180G|SEM GTIN||UN|00|04032000||00||18,00||
|0220|UN|1,000000|
|0200|1|Isqueiro Bic Max..12un|070330631335||CT1|00|96131000||00||12,00||
|0220|CT1|1,000000|
|0200|1|JARRINHA C/ESPREMEDOR 500ML 114|SEM GTIN||UN|00|39241000||00||0,00||
|0220|UN|1,000000|
|0200|1|JILO KG|SEM GTIN||KG|00|07099990||00||0,00||
|0220|KG|1,000000|
|0200|1|JOGO COPO NF MARAC.C/6|SEM GTIN||UN|00|70133700||00||0,00||
|0220|UN|1,000000|
|0200|1|JOGO UNO 98190|SEM GTIN||UN|00|95030099||00||18,00||
|0220|UN|1,000000|
|0200|1|KAFITA KG|SEM GTIN||KG|00|07101000||00||0,00||
|0220|KG|1,000000|
|0200|1|KAPO CAJU TPAK 200ML CX 12UN|7894900650051||CX|00|22021000||00||18,00||
|0220|CX|1,000000|
|0200|1|KAPO LARANJA 200ML|SEM GTIN||UN|00|22021000||00||0,00||
|0220|UN|1,000000|
|0200|1|KAPO LARANJA TPAK 200ML CX 12UN|7894900563719||CX|00|22021000||00||18,00||
|0220|CX|1,000000|
|0200|1|KAPO MACA TPAK 200ML CX 12UN|17894900650010||CX|00|22021000||00||18,00||
|0220|CX|1,000000|
|0200|1|KAPO MORANGO 200ML|SEM GTIN||UN|00|22021000||00||0,00||
|0220|UN|1,000000|
|0200|1|KAPO MORANGO TPAK 200ML CX 12UN|7894900583717||CX|00|22021000||00||18,00||
|0220|CX|1,000000|
|0200|1|KAPO UVA 200ML|SEM GTIN||UN|00|22021000||00||0,00||
|0220|UN|1,000000|
|0200|1|KAPO UVA TPAK 200ML CX 12UN|7894900593716||CX|00|22021000||00||18,00||
|0220|CX|1,000000|
|0200|1|KETCHUP HEINZ TOMATO 397G|SEM GTIN||UN|00|21032010||00||0,00||
|0220|UN|1,000000|
|0200|1|KETCHUP HELLMANNS 380G|7891150027848||UN|00|04014021||00||0,00||
|0220|UN|1,000000|
|0200|1|KETCHUP ITALIANINHO TRAD 200G|SEM GTIN||UN|00|21032010||00||0,00||
|0220|UN|1,000000|
|0200|1|KETCHUP PRAMESA 400G|SEM GTIN||UN|00|21032010||00||0,00||
|0220|UN|1,000000|
|0200|1|KETCHUP PREDILECTA 200G|SEM GTIN||UN|00|21032010||00||0,00||
|0220|UN|1,000000|
|0200|1|KETCHUP PREDILECTA 400G|SEM GTIN||UN|00|21032010||00||0,00||
|0220|UN|1,000000|
|0200|1|KETCHUP TRAD 200G|7898079290537||UN|00|21032010||00||18,00||
|0220|UN|1,000000|
|0200|1|KETCHUP TRAD. ELLO 400G|SEM GTIN||UN|00|21032010||00||0,00||
|0220|UN|1,000000|
|0200|1|KETCHUP TRADICIONAL GRANFINO 12/380 G|17896016509176||CX|00|21032010||00||0,00||
|0220|CX|1,000000|
|0200|1|KIT 20 ORGANIZADORES FIOS PLASTICO CK5299|SEM GTIN||UN|00|39269090||00||18,00||
|0220|UN|1,000000|
|0200|1|KIT 4 RODINHAS PLAST E ACO INOX ADESIVAS CK5489|SEM GTIN||UN|00|39269090||00||18,00||
|0220|UN|1,000000|
|0200|1|KIT C/6 GARFOS PETISCOS INOX CK4435|SEM GTIN||KT|00|82159910||00||18,00||
|0220|KT|1,000000|
|0200|1|KIT CAIXA DECORATIVA C/3 96942|SEM GTIN||KT|00|48192000||00||18,00||
|0220|KT|1,000000|
|0200|1|KIT COLHER BAILARINA|SEM GTIN||UN|00|82152000||00||18,00||
|0220|UN|1,000000|
|0200|1|KIT GANCHO DE PAREDE 4PCS IXD01022|SEM GTIN||UN|00|73239300||00||18,00||
|0220|UN|1,000000|
|0200|1|KIT GANCHO INOX 3PCS 1194|SEM GTIN||KT|00|73269090||00||18,00||
|0220|KT|1,000000|
|0200|1|KIT GLACE KAREN 18PC|SEM GTIN||UN|00|07019000||00||0,00||
|0220|UN|1,000000|
|0200|1|KIT INF.PRATO DO BEBE+COLHER AZ.PEROL 7978|SEM GTIN||UN|00|39241000||00||0,00||
|0220|UN|1,000000|
|0200|1|KIT INF.PRATO DO BEBE+COLHER RS PEROL 7979|SEM GTIN||UN|00|39241000||00||0,00||
|0220|UN|1,000000|
|0200|1|KIT INFANTIL DIVERTIDO 3PCS 7740|SEM GTIN||KT|00|39241000||00||0,00||
|0220|KT|1,000000|
|0200|1|KIT KAT 4Fngr Leite 4(24x41.5g) BR|7891000248775||EXB|00|19053200||00||0,00||
|0220|EXB|1,000000|
|0200|1|KIT MULTIUSO UAU C/3 500ML|SEM GTIN||UN|00|34025000||00||0,00||
|0220|UN|1,000000|
|0200|1|KIT SCALA BR.INCRIVEL|SEM GTIN||UN|00|33059000||00||0,00||
|0220|UN|1,000000|
|0200|1|KIT TESOURAS NAVY|SEM GTIN||UN|00|82130000||00||0,00||
|0220|UN|1,000000|
|0200|1|KITEKAT AD MIX DE CARNES 20KG|7896029075258||SACO|00|23099010||00||18,00||
|0220|SACO|1,000000|
|0200|1|KNORR MEU FRANGO 25G|SEM GTIN||UN|00|21039021||00||0,00||
|0220|UN|1,000000|
|0200|1|L.ROUPAS PO KLIP 1KG ALOE E VERA (12) *|7896241900710||CX|00|34025000||00||18,00||
|0220|CX|1,000000|
|0200|1|L.ROUPAS PO KLIP 1KG ALOE E VERA (12) *|7896241900710||UN|00|34025000||00||18,00||
|0220|UN|1,000000|
|0200|1|L.ROUPAS PO KLIP 1KG ORIGINAL (12) *|7896241900017||UN|00|34025000||00||18,00||
|0220|UN|1,000000|
|0200|1|L.ROUPAS PO KLIP 1KG PERFUMES INTENSOS (12) *|7896241900864||UN|00|34025000||00||18,00||
|0220|UN|1,000000|
|0200|1|L.ROUPAS PO TIXAN 1,6KG MACIEZ (9) *|7896098909775||UN|00|34025000||00||18,00||
|0220|UN|1,000000|
|0200|1|L.ROUPAS PO TIXAN 800G MACIEZ(20) *|7896098909751||FD|00|34025000||00||18,00||
|0220|FD|1,000000|
|0200|1|LA DE ACO BOMBRIL C/4 VERDE|SEM GTIN||UN|00|73231000||00||0,00||
|0220|UN|1,000000|
|0200|1|LACTA BIS XTRA OREO 45G|SEM GTIN||UN|00|19053200||00||0,00||
|0220|UN|1,000000|
|0200|1|LACTA DIAM. NEGRO BARRA 20G|SEM GTIN||UN|00|18063210||00||0,00||
|0220|UN|1,000000|
|0200|1|LAMEN PANCO CARNE 85G|SEM GTIN||UN|00|19023000||00||0,00||
|0220|UN|1,000000|
|0200|1|LAMEN PANCO GA.CA.85G|SEM GTIN||UN|00|19023000||00||0,00||
|0220|UN|1,000000|
|0200|1|LAMEN PANCO GALI. 85G|SEM GTIN||UN|00|19023000||00||0,00||
|0220|UN|1,000000|
|0200|1|LAMINAS UNIDADE|SEM GTIN||UN|00|82122010||00||0,00||
|0220|UN|1,000000|
|0200|1|LAMP.HALOGENA ALGIN 105W|SEM GTIN||UN|00|85393990||00||0,00||
|0220|UN|1,000000|
|0200|1|LAMP.LED KIAN 9W 6500K 810LM|7899710006531||PCA|00|85395200||00||4,00||
|0220|PCA|1,000000|
|0200|1|LAMPADA ELGIN 100W|SEM GTIN||UN|00|85393990||00||0,00||
|0220|UN|1,000000|
|0200|1|LAMPADA HALOGENA ALGIN 42W|SEM GTIN||UN|00|85392190||00||0,00||
|0220|UN|1,000000|
|0200|1|LAMPADA LED KIAN 60W|SEM GTIN||UN|00|85395200||00||0,00||
|0220|UN|1,000000|
|0200|1|LAMPADA LED OSRAM 12W|SEM GTIN||UN|00|85395200||00||0,00||
|0220|UN|1,000000|
|0200|1|LAMPADA LED OSRAM 15W|SEM GTIN||UN|00|85395200||00||0,00||
|0220|UN|1,000000|
|0200|1|LAMPADA LED OSRAM 9W|SEM GTIN||UN|00|85395200||00||0,00||
|0220|UN|1,000000|
|0200|1|LAMPADA LED TASCHIBRA 12W|SEM GTIN||UN|00|85395200||00||0,00||
|0220|UN|1,000000|
|0200|1|LANTERNA DE CABECA A PILHA 14292-1|SEM GTIN||UN|00|85131010||00||18,00||
|0220|UN|1,000000|
|0200|1|LAPISEIRA 2.0 LEO & LEO|SEM GTIN||UN|00|96084000||00||18,00||
|0220|UN|1,000000|
|0200|1|LARANJA FLEXA 2000ML/06 UN PET DESC|17896579420031||CX|00|22021000||00||16,00||
|0220|CX|1,000000|
|0200|1|LARANJA LIMA|SEM GTIN||CX|00|08051000||00||0,00||
|0220|CX|1,000000|
|0200|1|LARANJA LIMA CX 20 KG|SEM GTIN||CX|00|08051000||00||0,00||
|0220|CX|1,000000|
|0200|1|LARANJA LIMA KG|SEM GTIN||KG|00|08051000||00||0,00||
|0220|KG|1,000000|
|0200|1|LARANJA PERA|SEM GTIN||CX|00|08051000||00||0,00||
|0220|CX|1,000000|
|0200|1|LARANJA PERA CX 20 KG|SEM GTIN||CX|00|08051000||00||0,00||
|0220|CX|1,000000|
|0200|1|LARANJA PERA KG|SEM GTIN||KG|00|08051000||00||0,00||
|0220|KG|1,000000|
|0200|1|LASANHA BOLONHESA 600G PERDIGAO|17891515963573||CX|00|19022000||00||18,00||
|0220|CX|1,000000|
|0200|1|LASANHA BOLONHESA REZENDE 10X600GR|SEM GTIN||KG|00|19022000||00||18,00||
|0220|KG|1,000000|
|0200|1|LASANHA BOLONHESA REZENDE 600G|SEM GTIN||UN|00|19022000||00||0,00||
|0220|UN|1,000000|
|0200|1|LASANHA BOLONHESA SADIA 600G|27891515757032||CX|00|19022000||00||18,00||
|0220|CX|1,000000|
|0200|1|LASANHA D BENTA 500G|SEM GTIN||UN|00|19021900||00||18,00||
|0220|UN|1,000000|
|0200|1|LASANHA DE FRANGO CONGELADA CX 3,6KG PD|17891515962347||CX|00|19022000||00||18,00||
|0220|CX|1,000000|
|0200|1|LASANHA FRANGO REZENDE 10X600GR|7894904678679||KG|00|19022000||00||18,00||
|0220|KG|1,000000|
|0200|1|LASANHA FRANGO REZENDE 600G|SEM GTIN||UN|00|19022000||00||0,00||
|0220|UN|1,000000|
|0200|1|LASANHA PRES/QUEIJO REZENDE 10X600GR|7894904678761||KG|00|19022000||00||18,00||
|0220|KG|1,000000|
|0200|1|LASANHA PRES/QUEIJO REZENDE 600G|SEM GTIN||UN|00|19022000||00||0,00||
|0220|UN|1,000000|
|0200|1|LASANHA TIPO CALAB PD 600G CX3.6KG|17891515904309||CX|00|19022000||00||18,00||
|0220|CX|1,000000|
|0200|1|LAVA ROUPAS TIXAN 400G MACIEZ PCT|7896098909799||PC|00|34025000||00||18,00||
|0220|PC|1,000000|
|0200|1|LAYS CLASSICA 45GX24X1 DTS|7892840819590||UN|00|20052000||00||18,00||
|0220|UN|1,000000|
|0200|1|LAYS CLASSICA 80GX24|7892840816773||UN|00|20052000||00||18,00||
|0220|UN|1,000000|
|0200|1|LAYS SOUR CREAM 135GX14|7892840818272||UN|00|20052000||00||18,00||
|0220|UN|1,000000|
|0200|1|LAYS SOUR CREAM 45GX24X1 DTS|7892840819613||UN|00|20052000||00||18,00||
|0220|UN|1,000000|
|0200|1|LE-COND TP ITALAC 27/395|7898080640413||CX|00|04029900||00||18,00||
|0220|CX|1,000000|
|0200|1|LE-PO INST LT NINHO CO LAC FORT 24/380|7891000284933||CX|00|19011010||00||18,00||
|0220|CX|1,000000|
|0200|1|LEITE COCO MENINA 200ML|SEM GTIN||UN|00|20098990||00||18,00||
|0220|UN|1,000000|
|0200|1|LEITE COND.PIRACANJ 395GR|SEM GTIN||UN|00|04029900||00||18,00||
|0220|UN|1,000000|
|0200|1|LEITE COND.TRING.MIN 395G|7896434921133||UN|00|04029900||00||18,00||
|0220|UN|1,000000|
|0200|1|LEITE COND.TRING.MIN 395G|SEM GTIN||UN|00|04029900||00||18,00||
|0220|UN|1,000000|
|0200|1|LEITE CONDENSADO ITALAC TP 395G|SEM GTIN||UN|00|04029900||00||18,00||
|0220|UN|1,000000|
|0200|1|LEITE CONDENSADO TRIANGULO 395G|SEM GTIN||UN|00|04029900||00||18,00||
|0220|UN|1,000000|
|0200|1|LEITE DE COCO COCAO (24 X 200ML) CAIXA C /2|7896215300973||CX|00|20098990||00||20,00||
|0220|CX|1,000000|
|0200|1|LEITE ELEGE DESN 1LT|7896079500175||UN|00|04011010||00||18,00||
|0220|UN|1,000000|
|0200|1|LEITE ELEGE DESN 1LT|SEM GTIN||UN|00|04011010||00||18,00||
|0220|UN|1,000000|
|0200|1|LEITE ELEGE INTEG 1LT|7896079500151||UN|00|04012010||00||18,00||
|0220|UN|1,000000|
|0200|1|LEITE ELEGE INTEG 1LT|SEM GTIN||UN|00|04012010||00||18,00||
|0220|UN|1,000000|
|0200|1|LEITE ELEGE S DESN 1LT|SEM GTIN||UN|00|04011010||00||18,00||
|0220|UN|1,000000|
|0200|1|LEITE EM PO NINHO FORTI+ 380G|SEM GTIN||UN|00|19011010||00||18,00||
|0220|UN|1,000000|
|0200|1|LEITE FERM TREV 480G|SEM GTIN||UN|00|04039000||00||18,00||
|0220|UN|1,000000|
|0200|1|LEITE FERMEMT.ITAMBE 450G|SEM GTIN||UN|00|04039000||00||18,00||
|0220|UN|1,000000|
|0200|1|LEITE FERMEN.BOB ESP C/6 UVA|SEM GTIN||UN|00|04039000||00||18,00||
|0220|UN|1,000000|
|0200|1|LEITE FERMENT BOB MOR 6X80G ELEGE|7891097101977||CX|00|04039000||00||18,00||
|0220|CX|1,000000|
|0200|1|LEITE FERMENT BOB TRAD 6X80G ELEGE|7891097101984||CX|00|04039000||00||18,00||
|0220|CX|1,000000|
|0200|1|LEITE FERMENT BOB UVA 6X80G ELEGE|7891097101991||CX|00|04039000||00||18,00||
|0220|CX|1,000000|
|0200|1|LEITE FERMENT.TREVINHO 900G|SEM GTIN||UN|00|04039000||00||18,00||
|0220|UN|1,000000|
|0200|1|LEITE FERMENTADO ITAMBE TRAD 450G|7896051126027||CJ|00|04039000||00||18,00||
|0220|CJ|1,000000|
|0200|1|LEITE FERMENTADO TREVINHO 480GRS|7896791970553||UN|00|04039000||00||18,00||
|0220|UN|1,000000|
|0200|1|LEITE FERMENTADO TREVINHO 900GRS|7896791902608||UN|00|04039000||00||18,00||
|0220|UN|1,000000|
|0200|1|LEITE LONGA VIDA|SEM GTIN||UN|00|04011010||00||0,00||
|0220|UN|1,000000|
|0200|1|LEITE LONGA VIDA|SEM GTIN||UN|00|04012010||00||18,00||
|0220|UN|1,000000|
|0200|1|LEITE NINHO FORTI+ 380G|7891000340882||UN|00|19011010||00||18,00||
|0220|UN|1,000000|
|0200|1|LEITE NOLAC ITAMBE 1L|SEM GTIN||UN|00|04011010||00||18,00||
|0220|UN|1,000000|
|0200|1|LEITE ROSAS TRAD 100ML|SEM GTIN||UN|00|33072010||00||0,00||
|0220|UN|1,000000|
|0200|1|LEITE UHT INTEG 1L ELEGE BMA|7896079500151||CX|00|04012010||00||18,00||
|0220|CX|1,000000|
|0200|1|LEITE UHT SEMIDE SEM LACTOSE 12X1 REGINA|7896010401158||CX|00|04011010||00||18,00||
|0220|CX|1,000000|
|0200|1|LENCO UMED. NATURAL BABY 50UN|SEM GTIN||UN|00|34011190||00||0,00||
|0220|UN|1,000000|
|0200|1|LENCO UMED. NATURAL BABY 50UN|SEM GTIN||UN|00|48182000||00||0,00||
|0220|UN|1,000000|
|0200|1|LEPIS UNIDADE|SEM GTIN||UN|00|96091000||00||18,00||
|0220|UN|1,000000|
|0200|1|LIMAO|SEM GTIN||CX|00|08055000||00||0,00||
|0220|CX|1,000000|
|0200|1|LIMAO|SEM GTIN||KG|00|08055000||00||0,00||
|0220|KG|1,000000|
|0200|1|LIMAO FLEXA 2000ML/06 UN PET DESC|17896579420109||CX|00|22021000||00||16,00||
|0220|CX|1,000000|
|0200|1|LIMAO KG|SEM GTIN||KG|00|08055000||00||0,00||
|0220|KG|1,000000|
|0200|1|LIMP CASA & PERFUME 500ML AGRADABLE|7896040704625||CX|00|34025000||00||18,00||
|0220|CX|1,000000|
|0200|1|LIMP CASA & PERFUME 500ML BELA FLORE|7896040704632||CX|00|34025000||00||18,00||
|0220|CX|1,000000|
|0200|1|LIMP CASA & PERFUME 500ML MISTERO DI AMO|7896040706247||CX|00|34025000||00||18,00||
|0220|CX|1,000000|
|0200|1|LIMP CASA & PERFUME 500ML SENSUALIDAD|7896040704618||CX|00|34025000||00||18,00||
|0220|CX|1,000000|
|0200|1|LIMPA VIDROS AZULIM 500ML|SEM GTIN||UN|00|34025000||00||0,00||
|0220|UN|1,000000|
|0200|1|LIMPADOR CASA & PERFUME 500ML|SEM GTIN||UN|00|34025000||00||0,00||
|0220|UN|1,000000|
|0200|1|LIMPADOR UAU PERFUMES 500ML|SEM GTIN||UN|00|34025000||00||0,00||
|0220|UN|1,000000|
|0200|1|LIMPALUMINIO MIX 500ML|SEM GTIN||UN|00|34025000||00||0,00||
|0220|UN|1,000000|
|0200|1|LING CALAB. SEARA KG|SEM GTIN||KG|00|16010000||00||18,00||
|0220|KG|1,000000|
|0200|1|LING TOSC FRESCAL KG|SEM GTIN||KG|00|16010000||00||18,00||
|0220|KG|1,000000|
|0200|1|LING. CALAB. PERDIGAO KG|SEM GTIN||KG|00|16010000||00||0,00||
|0220|KG|1,000000|
|0200|1|LING. DE FRANGO AURORA KG|SEM GTIN||KG|00|16010000||00||0,00||
|0220|KG|1,000000|
|0200|1|LINGUA CONGELADA DE BOVINOS CX|07898184833254||KG|00|02062100||00||12,00||
|0220|KG|1,000000|
|0200|1|LINGUA KG|SEM GTIN||KG|00|02062100||00||0,00||
|0220|KG|1,000000|
|0200|1|LINGUICA CALABRESA|SEM GTIN||KG|00|16010000||00||0,00||
|0220|KG|1,000000|
|0200|1|LINGUICA CALABRESA|SEM GTIN||KG|00|16010000||00||18,00||
|0220|KG|1,000000|
|0200|1|LINGUICA FINA PORCO|SEM GTIN||KG|00|02063000||00||0,00||
|0220|KG|1,000000|
|0200|1|LINGUICA FINA PORCO KG|SEM GTIN||KG|00|02063000||00||0,00||
|0220|KG|1,000000|
|0200|1|LINGUICA FINA PORCO KG|SEM GTIN||KG|00|16010000||00||0,00||
|0220|KG|1,000000|
|0200|1|LINGUICA FININHA DEF SEARA|17894904005229||CX|00|16010000||00||18,00||
|0220|CX|1,000000|
|0200|1|LINGUICA FININHA DEF.SEARA KG|SEM GTIN||KG|00|16010000||00||18,00||
|0220|KG|1,000000|
|0200|1|LINGUICA MISTA DEF PT 2,5KG PERDIGAO|17891515340275||CX|00|16010000||00||18,00||
|0220|CX|1,000000|
|0200|1|LINGUICA MISTA DEFUM. PERDIGAO KG|SEM GTIN||UN|00|16010000||00||0,00||
|0220|UN|1,000000|
|0200|1|LINGUICA PERNIL SEARA|17894904005069||CX|00|16010000||00||18,00||
|0220|CX|1,000000|
|0200|1|LINGUICA PERNIL SEARA 700G|17894904259356||CX|00|16010000||00||18,00||
|0220|CX|1,000000|
|0200|1|LINGUICA PERNIL SEARA KG|SEM GTIN||KG|00|16010000||00||0,00||
|0220|KG|1,000000|
|0200|1|LINGUICA PURA DE PORCO (PERNIL)|SEM GTIN||KG|00|16010000||00||0,00||
|0220|KG|1,000000|
|0200|1|LINGUICA TIPO CALAB PERD PCT 4,5KG|17891515423176||CX|00|16010000||00||18,00||
|0220|CX|1,000000|
|0200|1|LINGUICA TIPO CALAB. PERDIGAO KG|SEM GTIN||KG|00|16010000||00||0,00||
|0220|KG|1,000000|
|0200|1|LIPTON LIMAO ICE TEA 1,5LT|SEM GTIN||UN|00|22021000||00||0,00||
|0220|UN|1,000000|
|0200|1|LN-VEJA DES COZ LIMAO 24/500 20% DESC|7891035800245||CX|00|34025000||00||18,00||
|0220|CX|1,000000|
|0200|1|LOMBINHO KG|SEM GTIN||KG|00|07101000||00||0,00||
|0220|KG|1,000000|
|0200|1|LOMBO KG|SEM GTIN||KG|00|02101900||00||0,00||
|0220|KG|1,000000|
|0200|1|LOMBO SALG. SARRIETTE CX10KG|SEM GTIN||CX|00|02101900||00||18,00||
|0220|CX|1,000000|
|0200|1|LOURO EM FOLHAS 10G|7898272400726||UN|00|09109900||00||18,00||
|0220|UN|1,000000|
|0200|1|LOURO EM PO ITALIANINHO 10G|SEM GTIN||UN|00|09109900||00||18,00||
|0220|UN|1,000000|
|0200|1|LOURO FOLHA 03G|7898079290124||UN|00|09109900||00||18,00||
|0220|UN|1,000000|
|0200|1|LOURO FOLHAS ITALIANINHO 3G|SEM GTIN||UN|00|09109900||00||18,00||
|0220|UN|1,000000|
|0200|1|LUSAFILM R105 28X30M|SEM GTIN||UN|00|39204390||00||18,00||
|0220|UN|1,000000|
|0200|1|LUSTRA MOVEIS DESTAC 200ML|SEM GTIN||UN|00|34052000||00||18,00||
|0220|UN|1,000000|
|0200|1|LUVA MULT TAM G VOLK|SEM GTIN||UN|00|40151900||00||18,00||
|0220|UN|1,000000|
|0200|1|LUVA PLASTICA DESCARTAVEL TAM.UNICO C/100|SEM GTIN||PT|00|39262000||00||18,00||
|0220|PT|1,000000|
|0200|1|La de Aco Bombril C 4 Verde..14un|17891022161110||FD10|00|73231000||00||12,00||
|0220|FD10|1,000000|
|0200|1|Lamp.Osram Ledstar..12w|4058075548961||DP10|00|85395200||00||4,00||
|0220|DP10|1,000000|
|0200|1|Lamp.Osram Ledstar..15w|4058075549050||DP10|00|85395200||00||4,00||
|0220|DP10|1,000000|
|0200|1|Lamp.Ourolux Eletronica 3u 15w..1un|27898324237731||DP10|00|85393111||00||4,00||
|0220|DP10|1,000000|
|0200|1|Lamp.Taschibra Eletronica 3u 20w..1un|17897079052692||CX10|00|85393119||00||4,00||
|0220|CX10|1,000000|
|0200|1|M PASTEL VERONICA 400G|SEM GTIN||UN|00|19021900||00||18,00||
|0220|UN|1,000000|
|0200|1|M. Req. DICAMPI Gord. Veg. Amido 200g|SEM GTIN||UN|00|04061090||00||18,00||
|0220|UN|1,000000|
|0200|1|M.BOLO B.SORTE BAUN 400G|SEM GTIN||UN|00|19012000||00||18,00||
|0220|UN|1,000000|
|0200|1|M.BOLO BOA SORTE CHOC.400G|SEM GTIN||UN|00|19012000||00||18,00||
|0220|UN|1,000000|
|0200|1|MAC PIRAQ P NOSSO 500G|SEM GTIN||UN|00|19021100||00||18,00||
|0220|UN|1,000000|
|0200|1|MAC PIRAQUE FURAD 500G|SEM GTIN||UN|00|19021100||00||18,00||
|0220|UN|1,000000|
|0200|1|MAC.CADORE ESPAGUETE SEMOLA|17896010602026||CXA1|00|19021900||00||18,00||
|0220|CXA1|1,000000|
|0200|1|MACA|SEM GTIN||KG|00|08081000||00||0,00||
|0220|KG|1,000000|
|0200|1|MACA FUJI CX 18 KG|SEM GTIN||CX|00|08081000||00||0,00||
|0220|CX|1,000000|
|0200|1|MACA GALA CX 18 KG|SEM GTIN||CX|00|08081000||00||0,00||
|0220|CX|1,000000|
|0200|1|MACA NACIONAL KG|SEM GTIN||KG|00|08081000||00||0,00||
|0220|KG|1,000000|
|0200|1|MACARRAO ALDENTE PIRAQUE DENTE 500G|SEM GTIN||UN|00|19021900||00||18,00||
|0220|UN|1,000000|
|0200|1|MACARRAO CADORE ESPAG. SEMOLA 500G|SEM GTIN||UN|00|19021900||00||18,00||
|0220|UN|1,000000|
|0200|1|MACARRAO CADORE PENE 500G|SEM GTIN||UN|00|19021900||00||18,00||
|0220|UN|1,000000|
|0200|1|MACARRAO ESPAG.PIRAQUE ALDENTE 750G|SEM GTIN||UN|00|19021900||00||18,00||
|0220|UN|1,000000|
|0200|1|MACARRAO ESPAGUETE CADORE 1KG|SEM GTIN||UN|00|19021900||00||18,00||
|0220|UN|1,000000|
|0200|1|MACARRAO FIDELINHO ALDENTE 500G|SEM GTIN||UN|00|19021900||00||18,00||
|0220|UN|1,000000|
|0200|1|MACARRAO FURADINHO ALDENTE 500G|SEM GTIN||UN|00|19021900||00||18,00||
|0220|UN|1,000000|
|0200|1|MACARRAO INST. MARINAR CARNE 50X63G|SEM GTIN||CX|00|19023000||00||0,00||
|0220|CX|1,000000|
|0200|1|MACARRAO INST. MARINAR GALINHA 50X63g|SEM GTIN||CX|00|19023000||00||0,00||
|0220|CX|1,000000|
|0200|1|MACARRAO INST. MARINAR GALINHA CAIPIRA 50X63g|SEM GTIN||CX|00|19023000||00||0,00||
|0220|CX|1,000000|
|0200|1|MACARRAO PARAF.CADORE 500G|SEM GTIN||UN|00|19021900||00||18,00||
|0220|UN|1,000000|
|0200|1|MACARRAO PARAF.D.BENTA 500G|SEM GTIN||UN|00|19021900||00||18,00||
|0220|UN|1,000000|
|0200|1|MACARRAO PIRAQUE|SEM GTIN||KG|00|19021900||00||0,00||
|0220|KG|1,000000|
|0200|1|MACARRAO PIRAQUE|SEM GTIN||KG|00|19021900||00||18,00||
|0220|KG|1,000000|
|0200|1|MAGNUM CLASSICO IMPORT|37861047723536||CX18|00|21050010||00||0,00||
|0220|CX18|1,000000|
|0200|1|MAION HELLMANNS 200G SACHE|SEM GTIN||UN|00|21039011||00||0,00||
|0220|UN|1,000000|
|0200|1|MAIONESE ARISCO 500G|7891700206921||UN|00|21039011||00||0,00||
|0220|UN|1,000000|
|0200|1|MAIONESE ARISCO 500G|SEM GTIN||UN|00|21039011||00||0,00||
|0220|UN|1,000000|
|0200|1|MAIONESE HELLMANNS 500G|7894000050034||UN|00|21039011||00||0,00||
|0220|UN|1,000000|
|0200|1|MAIONESE HELLMANNS 500G|SEM GTIN||UN|00|21039011||00||0,00||
|0220|UN|1,000000|
|0200|1|MAIONESE HELLMANS TRD.SACH24X200G R.3998|7894000030470||CXA|00|21039011||00||12,00||
|0220|CXA|1,000000|
|0200|1|MAIONESE TRAD. ITALIANINHO 200G|SEM GTIN||UN|00|21039011||00||0,00||
|0220|UN|1,000000|
|0200|1|MAIONESE TRADICIONAL 200G|7898079293880||UN|00|21039011||00||18,00||
|0220|UN|1,000000|
|0200|1|MAIZENA 200G|SEM GTIN||UN|00|11081200||00||18,00||
|0220|UN|1,000000|
|0200|1|MAMAO PAPAIA UN|SEM GTIN||UN|00|08072000||00||0,00||
|0220|UN|1,000000|
|0200|1|MAMAO PAPAYA|SEM GTIN||CX|00|08072000||00||0,00||
|0220|CX|1,000000|
|0200|1|MANGA PALME CX 15 KG|SEM GTIN||CX|00|08045020||00||0,00||
|0220|CX|1,000000|
|0200|1|MANGA TOMMY|SEM GTIN||KG|00|08045020||00||0,00||
|0220|KG|1,000000|
|0200|1|MANGA TOMY CX 15 KG|SEM GTIN||CX|00|08045020||00||0,00||
|0220|CX|1,000000|
|0200|1|MANJERICAO ITALIANINHO 5G|SEM GTIN||UN|00|12119090||00||18,00||
|0220|UN|1,000000|
|0200|1|MANT.EXT.C/SAL ELEGe 200G|SEM GTIN||UN|00|04051000||00||18,00||
|0220|UN|1,000000|
|0200|1|MANTEGUEIRA ACRYLIC LINE PREMIUM CORES 7066|SEM GTIN||UN|00|39249000||00||0,00||
|0220|UN|1,000000|
|0200|1|MANTEIGA 1A QUALIDADE POTE 200G|7896051135456||UN|00|04051000||00||18,00||
|0220|UN|1,000000|
|0200|1|MANTEIGA COM SAL POTE 200G ELEGE|7891097101373||CX|00|04051000||00||18,00||
|0220|CX|1,000000|
|0200|1|MANTEIGA CRIOULO C/SAL 200G|7898133290329||UN|00|04051000||00||18,00||
|0220|UN|1,000000|
|0200|1|MANTEIGA CRIOULO C/SAL.200G|SEM GTIN||UN|00|04051000||00||18,00||
|0220|UN|1,000000|
|0200|1|MANTEIGA ITAMBE C/SAL 200G|SEM GTIN||UN|00|04051000||00||18,00||
|0220|UN|1,000000|
|0200|1|MANTEIGA PRIMEIRA QUALI. SAL 200G TIROL|7896256601275||UN|00|04051000||00||18,00||
|0220|UN|1,000000|
|0200|1|MANTEIGA PRIMEIRA QUALI. SAL TIROL 200G|SEM GTIN||UN|00|04051000||00||18,00||
|0220|UN|1,000000|
|0200|1|MARACUJA CX 10 KG|SEM GTIN||CX|00|08109015||00||0,00||
|0220|CX|1,000000|
|0200|1|MARACUJA KG|SEM GTIN||KG|00|08109015||00||0,00||
|0220|KG|1,000000|
|0200|1|MARG. QUALY 500G|7893000394209||UN|00|15171000||00||18,00||
|0220|UN|1,000000|
|0200|1|MARG. QUALY 500G|SEM GTIN||UN|00|15171000||00||18,00||
|0220|UN|1,000000|
|0200|1|MARGARINA DELICATA 50% CX12X500GR|7894904268726||KG|00|15171000||00||18,00||
|0220|KG|1,000000|
|0200|1|MARGARINA DELICATA C/SAL 500G|7894904268726||UN|00|15171000||00||18,00||
|0220|UN|1,000000|
|0200|1|MARGARINA DELICATA C/SAL 500G|SEM GTIN||UN|00|15171000||00||18,00||
|0220|UN|1,000000|
|0200|1|MARGARINA NOVA CREMOSY 500G|SEM GTIN||UN|00|15171000||00||18,00||
|0220|UN|1,000000|
|0200|1|MARGARINA QUALY|SEM GTIN||UN|00|15171000||00||0,00||
|0220|UN|1,000000|
|0200|1|MARMITA PLASTICA C/TRAVA 1200ML 451|SEM GTIN||UN|00|39241000||00||0,00||
|0220|UN|1,000000|
|0200|1|MARMITA PLASTICA C/TRAVA 600ML 450|SEM GTIN||UN|00|39241000||00||0,00||
|0220|UN|1,000000|
|0200|1|MARMITEX ISOPOR C/10|SEM GTIN||UN|00|07019000||00||0,00||
|0220|UN|1,000000|
|0200|1|MARSHMALLOWS FINI ALVORADA 80G|17898279791176||CX|00|17049020||00||18,00||
|0220|CX|1,000000|
|0200|1|MARSHMALLOWS FINI ALVORADA 80G|SEM GTIN||UN|00|17049020||00||18,00||
|0220|UN|1,000000|
|0200|1|MARSHMALLOWS FINI TORCAO 80G|17898279791169||CX|00|17049020||00||18,00||
|0220|CX|1,000000|
|0200|1|MARSHMALLOWS FINI TORCAO 80G|SEM GTIN||UN|00|17049020||00||18,00||
|0220|UN|1,000000|
|0200|1|MASCARA HIDRAT.KANECHOM 1K|SEM GTIN||UN|00|33059000||00||0,00||
|0220|UN|1,000000|
|0200|1|MASS ESPAG PIRAQ 1KG|SEM GTIN||UN|00|19021900||00||18,00||
|0220|UN|1,000000|
|0200|1|MASS ESPAG PIRAQ 500G|SEM GTIN||UN|00|19021100||00||18,00||
|0220|UN|1,000000|
|0200|1|MASS PARAF PIRAQ 500G|SEM GTIN||UN|00|19021100||00||18,00||
|0220|UN|1,000000|
|0200|1|MASSA ALDENTE PENA 500G|SEM GTIN||UN|00|19021900||00||18,00||
|0220|UN|1,000000|
|0200|1|MASSA C/OVOS NINHO LARGO PIRAQ 500G|SEM GTIN||UN|00|19021100||00||18,00||
|0220|UN|1,000000|
|0200|1|MASSA D.BENTA PENNE 500G|SEM GTIN||UN|00|19021900||00||18,00||
|0220|UN|1,000000|
|0200|1|MASSA DE PASTEL TUTT 200G|SEM GTIN||UN|00|19023000||00||18,00||
|0220|UN|1,000000|
|0200|1|MASSA DE PASTEL TUTT 400G|SEM GTIN||UN|00|19021900||00||18,00||
|0220|UN|1,000000|
|0200|1|MASSA FIDELINHO PIRAQ 500G|SEM GTIN||UN|00|19021100||00||18,00||
|0220|UN|1,000000|
|0200|1|MASSA NINHO L.ALD.500G|SEM GTIN||UN|00|19021900||00||18,00||
|0220|UN|1,000000|
|0200|1|MASSA P/LASANHA D.BENTA 200G|SEM GTIN||UN|00|19021900||00||18,00||
|0220|UN|1,000000|
|0200|1|MASSA PARAFUSO ADRIA C/OVOS 500G|SEM GTIN||UN|00|19021100||00||18,00||
|0220|UN|1,000000|
|0200|1|MASSA PASTEL VERONICA 400G|SEM GTIN||UN|00|19021900||00||18,00||
|0220|UN|1,000000|
|0200|1|MASSA TRIC. CADORE PARAFUSO 500G|SEM GTIN||UN|00|19021900||00||18,00||
|0220|UN|1,000000|
|0200|1|MASSINHA DE MODELAR C/GLITTER 6 CORES 205|SEM GTIN||PT|00|34070010||00||18,00||
|0220|PT|1,000000|
|0200|1|MATA BARATA GEL KAOCID 6X10G|7898185821335||PT|00|38089119||00||4,00||
|0220|PT|1,000000|
|0200|1|MATTE LEAO LIMAO C/GAS LT 290ML CX 06UN|7891098041760||CX|00|22021000||00||18,00||
|0220|CX|1,000000|
|0200|1|MATTE LEAO NATURAL WF PET 300ML CX 12UN|27891098040675||CX|00|22021000||00||18,00||
|0220|CX|1,000000|
|0200|1|MED. NEOSALDINA COMPR. 03X10UN|7896641808630||DP|00|30049045||00||18,00||
|0220|DP|1,000000|
|0200|1|MEIA PERA WILLIAN CX 9 KG|SEM GTIN||MEI|00|08083000||00||0,00||
|0220|MEI|1,000000|
|0200|1|MELANCIA KG|SEM GTIN||KG|00|08071100||00||0,00||
|0220|KG|1,000000|
|0200|1|MELAO CX 20 KG|SEM GTIN||CX|00|08071900||00||0,00||
|0220|CX|1,000000|
|0200|1|MELAO KG|SEM GTIN||KG|00|08071900||00||0,00||
|0220|KG|1,000000|
|0200|1|MELHORADOR SUPER MAX 5KG BAKELS|7898049435562||SC|00|21069090||00||18,00||
|0220|SC|1,000000|
|0200|1|MENTOS FRUIT 37,5G|SEM GTIN||UN|00|17049020||00||18,00||
|0220|UN|1,000000|
|0200|1|MG-CREMOSY 50% C/S 12/500|7894904271498||CX|00|15171000||00||18,00||
|0220|CX|1,000000|
|0200|1|MG-CREMOSY C/S 24/250|7891080404863||CX|00|15171000||00||18,00||
|0220|CX|1,000000|
|0200|1|MILHO A GRANEL KG|SEM GTIN||KG|00|10059010||00||18,00||
|0220|KG|1,000000|
|0200|1|MILHO CROCANTE FUGINI 195G|SEM GTIN||UN|00|20058000||00||0,00||
|0220|UN|1,000000|
|0200|1|MILHO DE PIPOCA PREMIUM 20/500 G|17896016501736||EN|00|10059010||00||18,00||
|0220|EN|1,000000|
|0200|1|MILHO P/ PIPOCA C. PEREIRA - T1- 20 X 500 G|17898084090211||FD|00|10059090||00||12,00||
|0220|FD|1,000000|
|0200|1|MILHO PIPOCA GRANFINO 500G|SEM GTIN||UN|00|10059010||00||18,00||
|0220|UN|1,000000|
|0200|1|MILHO VERDE FUGINI 260G|SEM GTIN||UN|00|20058000||00||0,00||
|0220|UN|1,000000|
|0200|1|MILHO VERDE QUERO 170GR LT|7896102500608||LT|00|20058000||00||18,00||
|0220|LT|1,000000|
|0200|1|MILHO VERDE QUERO 280G|SEM GTIN||UN|00|20058000||00||0,00||
|0220|UN|1,000000|
|0200|1|MILKINHAS EXPRESSOES|SEM GTIN||UN|00|95030022||00||18,00||
|0220|UN|1,000000|
|0200|1|MIMNEIRINHO 350ML|SEM GTIN||UN|00|22021000||00||0,00||
|0220|UN|1,000000|
|0200|1|MINEIRINHO  2000ML/06 UN PET DESC|17896579420000||CX|00|22021000||00||16,00||
|0220|CX|1,000000|
|0200|1|MINEIRINHO 250ML|SEM GTIN||UN|00|22021000||00||0,00||
|0220|UN|1,000000|
|0200|1|MINEIRINHO 2LT|SEM GTIN||UN|00|22021000||00||0,00||
|0220|UN|1,000000|
|0200|1|MINEIRINHO ZERO 2000ML/06 UN PET DESC|17896579420949||CX|00|22021000||00||16,00||
|0220|CX|1,000000|
|0200|1|MINI BOLSA DE PLASTICO|7899101117631||Un|00|42022210||00||0,00||
|0220|Un|1,000000|
|0200|1|MINI RODO COLORIDO|SEM GTIN||UN|00|96039000||00||18,00||
|0220|UN|1,000000|
|0200|1|MINUTA UND|SEM GTIN||UN|00|07019000||00||0,00||
|0220|UN|1,000000|
|0200|1|MIOJO CADORE CARNE 80G|SEM GTIN||UN|00|19023000||00||0,00||
|0220|UN|1,000000|
|0200|1|MIOJO GALINHA NISSIN 85G|SEM GTIN||UN|00|19023000||00||0,00||
|0220|UN|1,000000|
|0200|1|MIST BOLO CHOCOLATE FACILE 5KG|7898906645097||SC|00|19012000||00||18,00||
|0220|SC|1,000000|
|0200|1|MIST BOLO DONA BENTA 450G COCO|7896005272046||PC|00|19012000||00||18,00||
|0220|PC|1,000000|
|0200|1|MIST BOLO FUBA FACILE 5KG|7898906645714||SC|00|19012000||00||18,00||
|0220|SC|1,000000|
|0200|1|MIST BOLO NEUTRO FACILE 5KG|7898906645677||SC|00|19012000||00||18,00||
|0220|SC|1,000000|
|0200|1|MIST P/ BOLO CHOCOMOUSSE 20X400G|17898331012768||CX|00|19012000||00||18,00||
|0220|CX|1,000000|
|0200|1|MIST.BOLO FLEISCH.AIPIM 390G|SEM GTIN||UN|00|19012000||00||18,00||
|0220|UN|1,000000|
|0200|1|MIST.BOLO FLEISCH.CHOC.400G|SEM GTIN||UN|00|19012000||00||18,00||
|0220|UN|1,000000|
|0200|1|MIST.BOLO FLEISCH.LAR 390G|SEM GTIN||UN|00|19012000||00||18,00||
|0220|UN|1,000000|
|0200|1|MISTURA BOLO BOA SORTE SCH BAUNILHA 400G|17896005271589||CX|00|19012000||00||18,00||
|0220|CX|1,000000|
|0200|1|MISTURA BOLO BOA SORTE SCH CHOCOLATE 400G|17896005271596||CX|00|19012000||00||18,00||
|0220|CX|1,000000|
|0200|1|MISTURA BOLO DONA BENTA CHOC 450G|SEM GTIN||UN|00|19012000||00||18,00||
|0220|UN|1,000000|
|0200|1|MISTURA BOLO DONA BENTA SCH CHOCOLATE 450G|17896005217020||CX|00|19012000||00||18,00||
|0220|CX|1,000000|
|0200|1|MISTURA LAC.TRIANGULO MINEIRO 340G|SEM GTIN||UN|00|19019090||00||18,00||
|0220|UN|1,000000|
|0200|1|MISTURA LACT.TRIANG.395G|SEM GTIN||UN|00|04029900||00||18,00||
|0220|UN|1,000000|
|0200|1|MISTURA P/ BOLO CENOURA 20X390G|17897309408640||CX|00|19012000||00||18,00||
|0220|CX|1,000000|
|0200|1|MISTURA P/ BOLO CHOCOLATE 20UNX390G|17897309408572||CX|00|19012000||00||18,00||
|0220|CX|1,000000|
|0200|1|MISTURA PAO FRANCES MAXI PREMIUM-25KG RF|7892020230191||SAC|00|19012000||00||18,00||
|0220|SAC|1,000000|
|0200|1|MISTURA PAO FRANCES TULIPA MIX-25KG RF|7892020230122||SAC|00|19012000||00||18,00||
|0220|SAC|1,000000|
|0200|1|MLamenTradCarn85|7891203057501||UN|00|19023000||00||18,00||
|0220|UN|1,000000|
|0200|1|MLamenTradGal 85|7891203057518||UN|00|19023000||00||18,00||
|0220|UN|1,000000|
|0200|1|MLamenTradGalC85|7891203057525||UN|00|19023000||00||18,00||
|0220|UN|1,000000|
|0200|1|MOCOTO CONGELADO DE BOVINOS|07898184833261||KG|00|02062990||00||12,00||
|0220|KG|1,000000|
|0200|1|MOCOTO KG|SEM GTIN||KG|00|02062990||00||0,00||
|0220|KG|1,000000|
|0200|1|MOELA KG|SEM GTIN||KG|00|07019000||00||0,00||
|0220|KG|1,000000|
|0200|1|MOELA PCT RIVELLI KG 15KG|SEM GTIN||CX|00|02071400||00||12,00||
|0220|CX|1,000000|
|0200|1|MOLHO BARBECUE GRANFICO 180G|SEM GTIN||UN|00|21039091||00||0,00||
|0220|UN|1,000000|
|0200|1|MOLHO BRANCO PREDILECTA 240G|SEM GTIN||UN|00|21039091||00||0,00||
|0220|UN|1,000000|
|0200|1|MOLHO DE MOSTARDA HELLMANNS 170G|7891150027794||UN|00|04014021||00||0,00||
|0220|UN|1,000000|
|0200|1|MOLHO DE PIMENTA CALABRESA VERMELHA GRANFINO 12/170 ML|17896016509367||CX|00|21039021||00||0,00||
|0220|CX|1,000000|
|0200|1|MOLHO DE PIMENTA DEFUMADA GRANFINO 12/170 ML|17896016509381||CX|00|21039021||00||0,00||
|0220|CX|1,000000|
|0200|1|MOLHO DE PIMENTA EXTRA FORTE GRANFINO 12/170 ML|17896016509398||CX|00|21039021||00||0,00||
|0220|CX|1,000000|
|0200|1|MOLHO DE PIMENTA TRADICIONAL GRANFINO 12/170ML|17896016509343||CX|00|21039021||00||0,00||
|0220|CX|1,000000|
|0200|1|MOLHO DE TOM.BOLON.PREDIL.300G|7896292333994||UN|00|21032010||00||0,00||
|0220|UN|1,000000|
|0200|1|MOLHO DE TOM.BOLON.PREDIL.300G|SEM GTIN||UN|00|21032010||00||0,00||
|0220|UN|1,000000|
|0200|1|MOLHO DE TOM.HOT DOG PREDILECTA 300G|SEM GTIN||UN|00|21032010||00||0,00||
|0220|UN|1,000000|
|0200|1|MOLHO DE TOM.POMAROLA 320G|SEM GTIN||UN|00|21032010||00||0,00||
|0220|UN|1,000000|
|0200|1|MOLHO DE TOMATE|SEM GTIN||UN|00|21032090||00||0,00||
|0220|UN|1,000000|
|0200|1|MOLHO DE TOMATE|SEM GTIN||UN|00|21039021||00||18,00||
|0220|UN|1,000000|
|0200|1|MOLHO DE TOMATE QUERO TRAD.300G|SEM GTIN||UN|00|21032010||00||0,00||
|0220|UN|1,000000|
|0200|1|MOLHO FUGINI 300G TOMATE TRAD SC|7897517206086||CX|00|21032010||00||18,00||
|0220|CX|1,000000|
|0200|1|MOLHO PIMENTA CALAB GRANF 170ML|SEM GTIN||UN|00|21039021||00||0,00||
|0220|UN|1,000000|
|0200|1|MOLHO PIMENTA VERDE GOTA 150ML|SEM GTIN||UN|00|21039091||00||0,00||
|0220|UN|1,000000|
|0200|1|MOLHO SHOYU 150ML|7898079290575||UN|00|21031010||00||18,00||
|0220|UN|1,000000|
|0200|1|MOLHO SHOYU ELLO 150ML|SEM GTIN||UN|00|21031010||00||0,00||
|0220|UN|1,000000|
|0200|1|MOLHO SHOYU ITAL.150ML|SEM GTIN||UN|00|21031010||00||0,00||
|0220|UN|1,000000|
|0200|1|MOLHO TOM PRAMESA REF 340G|SEM GTIN||UN|00|21032010||00||0,00||
|0220|UN|1,000000|
|0200|1|MOLHO TOM.FUGINI TRAD 340G|SEM GTIN||UN|00|21032010||00||0,00||
|0220|UN|1,000000|
|0200|1|MOLHO TOM.PRED.MANJ 300G|7896292334076||UN|00|21032010||00||0,00||
|0220|UN|1,000000|
|0200|1|MOLHO TOM.PRED.MANJ 300G|SEM GTIN||UN|00|21032010||00||0,00||
|0220|UN|1,000000|
|0200|1|MOLHO TOM.PREDIL.ERVAS F 300G|SEM GTIN||UN|00|21032010||00||0,00||
|0220|UN|1,000000|
|0200|1|MOLHO TOM.TRAD.TARANTELA 300G|SEM GTIN||UN|00|21032010||00||0,00||
|0220|UN|1,000000|
|0200|1|MONSTER ENERGY GREEN LATA 473ML CX 06UN|0070847022503||CX|00|22029900||00||0,00||
|0220|CX|1,000000|
|0200|1|MORANGO 4 BDJ|SEM GTIN||CX|00|08101000||00||0,00||
|0220|CX|1,000000|
|0200|1|MORT. OURO PERDIGAO KG|SEM GTIN||KG|00|07019000||00||0,00||
|0220|KG|1,000000|
|0200|1|MORTAD.DEF.GOURM.SEARA KG|SEM GTIN||KG|00|07101000||00||0,00||
|0220|KG|1,000000|
|0200|1|MORTADELA DEFUMADA OURO PERDIGAO|27891515356730||CX|00|16010000||00||18,00||
|0220|CX|1,000000|
|0200|1|MORTADELA DEFUMADA OURO PERDIGAO KG|SEM GTIN||KG|00|16010000||00||0,00||
|0220|KG|1,000000|
|0200|1|MORTADELA DEFUMADA S GOURMET|17894904005557||CX|00|16010000||00||18,00||
|0220|CX|1,000000|
|0200|1|MORTADELA SEARA|17894904009647||CX|00|16010000||00||18,00||
|0220|CX|1,000000|
|0200|1|MORTADELA SEARA KG|SEM GTIN||KG|00|16010000||00||0,00||
|0220|KG|1,000000|
|0200|1|MOSTARDA GRANF TRAD 180G|SEM GTIN||UN|00|21033021||00||0,00||
|0220|UN|1,000000|
|0200|1|MOSTARDA TRAD. ELLO 200G|SEM GTIN||UN|00|21033021||00||0,00||
|0220|UN|1,000000|
|0200|1|MUCILON ARROZ SACHET 9/360|7891000357170||CX|00|19011030||00||18,00||
|0220|CX|1,000000|
|0200|1|MUCILON ARROZ/AVEIA SACHET 9/360|7891000357019||CX|00|19011030||00||18,00||
|0220|CX|1,000000|
|0200|1|MUCILON MULTICEREAIS NESTLE 360G|SEM GTIN||UN|00|19011030||00||0,00||
|0220|UN|1,000000|
|0200|1|MUCILON MULTICEREAIS SACHE|7891000319505||UN|00|19011030||00||0,00||
|0220|UN|1,000000|
|0200|1|MUCILON MULTICEREAIS SACHET 9/360|7891000356890||CX|00|19011030||00||18,00||
|0220|CX|1,000000|
|0200|1|MUCILON NESTLE ARROZ 360G|SEM GTIN||UN|00|19011030||00||0,00||
|0220|UN|1,000000|
|0200|1|MUCILON NESTLE ARROZ E AVEIA 360G|SEM GTIN||UN|00|19011030||00||0,00||
|0220|UN|1,000000|
|0200|1|MULTIUSO UAU LAV 500ML|SEM GTIN||UN|00|34025000||00||0,00||
|0220|UN|1,000000|
|0200|1|MULTIUSO UAU PERF. 500ML|SEM GTIN||UN|00|34025000||00||0,00||
|0220|UN|1,000000|
|0200|1|MUSCULO KG|SEM GTIN||KG|00|07101000||00||0,00||
|0220|KG|1,000000|
|0200|1|MUSSARELA FATIADA KG|SEM GTIN||KG|00|04061010||00||0,00||
|0220|KG|1,000000|
|0200|1|Massa para Lasanha 500g|7896379100174||GR|00|19021900||00||18,00||
|0220|GR|1,000000|
|0200|1|Massa para Pastel Grande 400g|7896379100235||GR|00|19021900||00||18,00||
|0220|GR|1,000000|
|0200|1|Massa para Pastel Media 400g|7896379100259||GR|00|19021900||00||18,00||
|0220|GR|1,000000|
|0200|1|Massa para Pastel Tutt 200g|7896379100310||GR|00|19021900||00||18,00||
|0220|GR|1,000000|
|0200|1|Massa para Pastel Tutt Grande 400g|7896379100273||GR|00|19021900||00||18,00||
|0220|GR|1,000000|
|0200|1|Massa para Pastel Tutt Media 400g|7896379100266||GR|00|19021900||00||18,00||
|0220|GR|1,000000|
|0200|1|Massa para Pastel Tutt Pequena 400g|7896379100280||GR|00|19021900||00||18,00||
|0220|GR|1,000000|
|0200|1|Massa para Pastel Tutt Quadrada 400g|7896379100297||GR|00|19021900||00||18,00||
|0220|GR|1,000000|
|0200|1|NADIR JARRA BAR 780ML 5416|SEM GTIN||UN|00|70134900||00||0,00||
|0220|UN|1,000000|
|0200|1|NADIR XICARA CHA 240ML EMP.S/PIR.OPAL.5204977|SEM GTIN||UN|00|70134900||00||0,00||
|0220|UN|1,000000|
|0200|1|NAFTALINA Q-ODOR 30G|SEM GTIN||UN|00|29029020||00||18,00||
|0220|UN|1,000000|
|0200|1|NATUCOR EMBELEZE TINT.SUAVE 1.0|SEM GTIN||UN|00|33059000||00||0,00||
|0220|UN|1,000000|
|0200|1|NECTAR BELA ISCHIA 1L GOIABA|7898063763559||TP|00|22029900||00||18,00||
|0220|TP|1,000000|
|0200|1|NECTAR BELA ISCHIA 1L LAR E MACA|7898063764440||TP|00|22029900||00||18,00||
|0220|TP|1,000000|
|0200|1|NECTAR BELA ISCHIA LAR 1LT|SEM GTIN||UN|00|22029900||00||0,00||
|0220|UN|1,000000|
|0200|1|NEGRESCO Cookie Choc Gotas Baun 52x60gBR|7891000247624||UNI|00|19053100||00||18,00||
|0220|UNI|1,000000|
|0200|1|NEOSALDINA|SEM GTIN||UN|00|30049045||00||0,00||
|0220|UN|1,000000|
|0200|1|NESCAFE BebidaGarrafa Plas 4(6x270ml) BR|7891000110829||UNI|00|22029900||00||18,00||
|0220|UNI|1,000000|
|0200|1|NESCAFE Matinal Sachet 24x50g XW|7891000315200||UNI|00|21011110||00||18,00||
|0220|UNI|1,000000|
|0200|1|NESCAU|SEM GTIN||UN|00|18069000||00||0,00||
|0220|UN|1,000000|
|0200|1|NESCAU 2.0 200G|SEM GTIN||UN|00|18069000||00||0,00||
|0220|UN|1,000000|
|0200|1|NESCAU 2.0 400G|7891000053508||UN|00|18069000||00||0,00||
|0220|UN|1,000000|
|0200|1|NESCAU 370G|SEM GTIN||UN|00|18069000||00||0,00||
|0220|UN|1,000000|
|0200|1|NESCAU ACTIGEN-E Bebida Lactea 12x1L BR|7891000081518||CX|00|22029900||00||18,00||
|0220|CX|1,000000|
|0200|1|NESCAU ACTIV-GO BebLactea 27x200ml N1 BR|17891000037918||CX|00|22029900||00||18,00||
|0220|CX|1,000000|
|0200|1|NESCAU BALL Chocolate 4(12x75g) BR|17891000338312||CX|00|18069000||00||0,00||
|0220|CX|1,000000|
|0200|1|NESCAU Bebida Garrafa Plas 4(6x270ml) BR|7891000101926||UNI|00|22029900||00||18,00||
|0220|UNI|1,000000|
|0200|1|NESCAU CEREAL 210G|SEM GTIN||UN|00|19041000||00||0,00||
|0220|UN|1,000000|
|0200|1|NESFIT BAN AVEIA E CANELA 160G|SEM GTIN||UN|00|19053100||00||0,00||
|0220|UN|1,000000|
|0200|1|NESFIT Biscoito Cacau e Cereais48x160gBR|7891000304556||UNI|00|19053100||00||18,00||
|0220|UNI|1,000000|
|0200|1|NESFIT Biscoito Mrg e Cereais 48x160g BR|7891000304594||UNI|00|19053100||00||18,00||
|0220|UNI|1,000000|
|0200|1|NESFIT CACAU CEREAIS 160G|SEM GTIN||UN|00|19059090||00||0,00||
|0220|UN|1,000000|
|0200|1|NESFIT Cookie Cacau e Avela 52x60g BR|7891000255773||UNI|00|19053100||00||18,00||
|0220|UNI|1,000000|
|0200|1|NESTON Bebida Garrafa Plas 4(6x280ml) BR|7891000090732||UNI|00|22029900||00||18,00||
|0220|UNI|1,000000|
|0200|1|NESTON VITAMINA 280ML|SEM GTIN||UN|00|22029900||00||0,00||
|0220|UN|1,000000|
|0200|1|NIS MIOJO CREM PIC 88G|SEM GTIN||UN|00|19023000||00||0,00||
|0220|UN|1,000000|
|0200|1|NISSIN CUP NOODLES COST MOLHO CHURR 68GR CR 3X68GR QTD. 2.00 CR|7891079013083||UN|00|19023000||00||18,00||
|0220|UN|1,000000|
|0200|1|NISSIN CUP NOODLES GAL CAIP PICANTE 68GR CR 3X68GR QTD. 1.00 CR|7891079013069||UN|00|19023000||00||18,00||
|0220|UN|1,000000|
|0200|1|NISSIN CUP NOODLES GALINHA CAIPIRA 69GR CR 3X69GR QTD. 2.00 CR|7891079013038||UN|00|19023000||00||18,00||
|0220|UN|1,000000|
|0200|1|NISSIN CUP NOODLES YAKISSOBA TRAD 70GR CR 3X70GR QTD. 1.00 CR|7891079013106||UN|00|19023000||00||18,00||
|0220|UN|1,000000|
|0200|1|NISSIN LAM FRANG ALH 80G|SEM GTIN||UN|00|19023000||00||0,00||
|0220|UN|1,000000|
|0200|1|NISSIN LAMEN CARNE 85GR CX 50X85GR QTD. 5.00 CX|7891079000205||UN|00|19023000||00||18,00||
|0220|UN|1,000000|
|0200|1|NISSIN LAMEN CREMOSO FRANGO 88GR CX 50X88GR QTD. 1.00 CX|7891079001561||UN|00|19023000||00||18,00||
|0220|UN|1,000000|
|0200|1|NISSIN LAMEN FRANGO COM ALHO 85GR CX 50X85GR QTD. 1.00 CX|7891079012970||UN|00|19023000||00||18,00||
|0220|UN|1,000000|
|0200|1|NISSIN LAMEN GALINHA 85GR CX 50X85GR QTD. 1.00 CX|7891079000212||UN|00|19023000||00||18,00||
|0220|UN|1,000000|
|0200|1|NISSIN LAMEN GALINHA CAIPIRA 85GR CX 50X85GR QTD. 8.00 CX|7891079000229||UN|00|19023000||00||18,00||
|0220|UN|1,000000|
|0200|1|NISSIN LAMEN HOT MEXICANO 85GR CX 50X85GR QTD. 1.00 CX|7891079011478||UN|00|19023000||00||18,00||
|0220|UN|1,000000|
|0200|1|NISSIN LAMEN PICANHA 85GR CX 50X85GR QTD. 1.00 CX|7891079011775||UN|00|19023000||00||18,00||
|0220|UN|1,000000|
|0200|1|NISSIN LAMEN SUAVE GALINHA 85GR CX 50X85GR QTD. 1.00 CX|7891079001011||UN|00|19023000||00||18,00||
|0220|UN|1,000000|
|0200|1|NISSIN MIOJO CARNE 85G|SEM GTIN||UN|00|19023000||00||0,00||
|0220|UN|1,000000|
|0200|1|NISSIN MIOJO FR.ASSADO 80G|7891079012581||UN|00|19023000||00||0,00||
|0220|UN|1,000000|
|0200|1|NISSIN MIOJO GAL.CAIP 85G|SEM GTIN||UN|00|19023000||00||0,00||
|0220|UN|1,000000|
|0200|1|NISSIN MIOJO LEGUMES 85G|SEM GTIN||UN|00|19023000||00||0,00||
|0220|UN|1,000000|
|0200|1|NISSIN MIOJO MEXICANO 85G|SEM GTIN||UN|00|19023000||00||0,00||
|0220|UN|1,000000|
|0200|1|NISSIN MIOJO PICANHA 85G|SEM GTIN||UN|00|19023000||00||0,00||
|0220|UN|1,000000|
|0200|1|NISSIN TALHARIM BOLONHESA 99GR CX 50X99 GR QTD. 1.00 CX|7891079000427||UN|00|19023000||00||18,00||
|0220|UN|1,000000|
|0200|1|NISSIN TALHARIM CARNE COM TOMATE 99GR CX 50X99GR QTD. 1.00 CX|7891079000410||UN|00|19023000||00||18,00||
|0220|UN|1,000000|
|0200|1|NISSIN TALHARIM QJ 90G|SEM GTIN||UN|00|19023000||00||0,00||
|0220|UN|1,000000|
|0200|1|NISSIN TALHARIM QUEIJO PARM CR LEITE99GR CX 50X99GR QTD. 1.00 CX|7891079012772||UN|00|19023000||00||18,00||
|0220|UN|1,000000|
|0200|1|NISSIN YAKISSOBA TRADICIONAL 87GR CX 50X87GR QTD. 1.00 CX|7891079011799||UN|00|19023000||00||18,00||
|0220|UN|1,000000|
|0200|1|NUTELLA 140G|SEM GTIN||UN|00|18069000||00||0,00||
|0220|UN|1,000000|
|0200|1|NUTRIBOM ARROZ 230G|SEM GTIN||UN|00|19011030||00||0,00||
|0220|UN|1,000000|
|0200|1|Nutella..140g|17898024397530||CX10|00|18069000||00||12,00||
|0220|CX10|1,000000|
|0200|1|OLEO CAPILAR BABOSA 60ML|SEM GTIN||UN|00|33059000||00||0,00||
|0220|UN|1,000000|
|0200|1|OLEO CAPILAR CENOURA 60ML|SEM GTIN||UN|00|33059000||00||0,00||
|0220|UN|1,000000|
|0200|1|OLEO CAPILAR UVA 60ML|SEM GTIN||UN|00|33059000||00||0,00||
|0220|UN|1,000000|
|0200|1|OLEO COMPOSTO SINHA 250ML|SEM GTIN||UN|00|15179010||00||0,00||
|0220|UN|1,000000|
|0200|1|OLEO DE SOJA|SEM GTIN||UN|00|15079011||00||0,00||
|0220|UN|1,000000|
|0200|1|OLEO DE SOJA|SEM GTIN||UN|00|15079011||00||18,00||
|0220|UN|1,000000|
|0200|1|OLEO DE SOJA LEVE 900ML|SEM GTIN||UN|00|15079011||00||18,00||
|0220|UN|1,000000|
|0200|1|OLEO DE SOJA SOYA 900ML|7891107101621||UN|00|15079011||00||18,00||
|0220|UN|1,000000|
|0200|1|OLEO DE SOJA SOYA 900ML|SEM GTIN||UN|00|15079011||00||18,00||
|0220|UN|1,000000|
|0200|1|OLEO MINERAL FARMAX 100ML|SEM GTIN||UN|00|30049099||00||0,00||
|0220|UN|1,000000|
|0200|1|OLEO SINGER 100ML|SEM GTIN||UN|00|27101932||00||0,00||
|0220|UN|1,000000|
|0200|1|OREGANO 05G|7898079290131||UN|00|12119010||00||18,00||
|0220|UN|1,000000|
|0200|1|OREGANO 100G|7898079292852||UN|00|12119010||00||18,00||
|0220|UN|1,000000|
|0200|1|OREGANO ITALIANINHO 100G|SEM GTIN||UN|00|12119010||00||18,00||
|0220|UN|1,000000|
|0200|1|OREGANO ITALIANINHO 5G|SEM GTIN||UN|00|12119010||00||18,00||
|0220|UN|1,000000|
|0200|1|ORELHA KG|SEM GTIN||KG|00|07019000||00||0,00||
|0220|KG|1,000000|
|0200|1|ORELHA SALG.(MASCARA) REDENTOR +OU- CX10KG|SEM GTIN||CX|00|02101900||00||18,00||
|0220|CX|1,000000|
|0200|1|ORGANIZADOR AMOR EM POTES 1,7LT 9402|SEM GTIN||UN|00|39249000||00||18,00||
|0220|UN|1,000000|
|0200|1|ORGANIZADOR DE FIOS C/6 CLB02010|SEM GTIN||UN|00|39241000||00||0,00||
|0220|UN|1,000000|
|0200|1|ORGANIZADOR SLIM C/DIVISORIA 3171 1,2LT GR23 3171|SEM GTIN||UN|00|39249000||00||18,00||
|0220|UN|1,000000|
|0200|1|OUSADIA BLUEBERRY C/ VOKDA 350ML|SEM GTIN||UN|00|22089000||00||37,00||
|0220|UN|1,000000|
|0200|1|OUSADIA LIMAO C/ VOKDA 350ML|SEM GTIN||UN|00|22089000||00||37,00||
|0220|UN|1,000000|
|0200|1|OUSADIA MACA VERDE C/ VOKDA 350ML|SEM GTIN||UN|00|22089000||00||37,00||
|0220|UN|1,000000|
|0200|1|OVO GRANDE BRANCO|SEM GTIN||CX|00|04089900||00||0,00||
|0220|CX|1,000000|
|0200|1|OVOS|SEM GTIN||DZ|00|04072100||00||0,00||
|0220|DZ|1,000000|
|0200|1|OVOS 1/2 DZ|SEM GTIN||UN|00|04072100||00||0,00||
|0220|UN|1,000000|
|0200|1|OVOS DZ|SEM GTIN||UN|00|04072100||00||0,00||
|0220|UN|1,000000|
|0200|1|OVOS DZ|SEM GTIN||UN|00|04089900||00||0,00||
|0220|UN|1,000000|
|0200|1|PA DE LIXO PLASTICA C/CABO|SEM GTIN||UN|00|39249000||00||18,00||
|0220|UN|1,000000|
|0200|1|PA DE LIXO PLASTICO C.CABO|7898957760220||Un|00|96039000||00||0,00||
|0220|Un|1,000000|
|0200|1|PA KG|SEM GTIN||KG|00|07101000||00||0,00||
|0220|KG|1,000000|
|0200|1|PADUANA PRATA 12X500ML|SEM GTIN||UN|00|22084000||00||19,00||
|0220|UN|1,000000|
|0200|1|PALETA C/ MUSCULO RESF|7898184830666||KG|00|02062990||00||12,00||
|0220|KG|1,000000|
|0200|1|PALETAO KG|SEM GTIN||UN|00|07101000||00||0,00||
|0220|UN|1,000000|
|0200|1|PALHA DE ACO|SEM GTIN||UN|00|73231000||00||0,00||
|0220|UN|1,000000|
|0200|1|PALITEIRO DE MESA ACRILICO 54|SEM GTIN||UN|00|39241000||00||0,00||
|0220|UN|1,000000|
|0200|1|PALITINHO ALHO|7898905642431||UND|00|19059090||00||0,00||
|0220|UND|1,000000|
|0200|1|PALITINHO TEMPERADO|7898905642370||UND|00|19059090||00||0,00||
|0220|UND|1,000000|
|0200|1|PALITO DE DENTE|SEM GTIN||UN|00|44199000||00||18,00||
|0220|UN|1,000000|
|0200|1|PALITO DENTAIS GABOARDI|SEM GTIN||UN|00|44219900||00||18,00||
|0220|UN|1,000000|
|0200|1|PANO DE CHAO CGRANDE|7899836777711||UN|00|33074900||00||18,00||
|0220|UN|1,000000|
|0200|1|PANO DE CHAO GR. PADRAO BH BOM PANO|SEM GTIN||UN|00|63071000||00||18,00||
|0220|UN|1,000000|
|0200|1|PANO DE CHAO PEQ. BOM PANO 30X60CM|SEM GTIN||UN|00|63071000||00||18,00||
|0220|UN|1,000000|
|0200|1|PANO DE PRATO BOM PANO|7892330000071||UN|00|63071000||00||18,00||
|0220|UN|1,000000|
|0200|1|PANO DE PRATO BOM PANO|SEM GTIN||UN|00|63071000||00||18,00||
|0220|UN|1,000000|
|0200|1|PANO MULT LIFE CLEAN 5UN|SEM GTIN||UN|00|63071000||00||18,00||
|0220|UN|1,000000|
|0200|1|PANO OVERLOK|SEM GTIN||UN|00|63071000||00||18,00||
|0220|UN|1,000000|
|0200|1|PANO P/PIA B.PANO 30X40CM|SEM GTIN||UN|00|63071000||00||18,00||
|0220|UN|1,000000|
|0200|1|PANO PRATO BOM PANO 40X62CM|SEM GTIN||UN|00|67031000||00||18,00||
|0220|UN|1,000000|
|0200|1|PAO COIOZINHO UNID|SEM GTIN||UN|00|07101000||00||0,00||
|0220|UN|1,000000|
|0200|1|PAO COIZINHO 10UN|SEM GTIN||UN|00|19059090||00||18,00||
|0220|UN|1,000000|
|0200|1|PAO COSTELA UNID|SEM GTIN||UN|00|07019000||00||0,00||
|0220|UN|1,000000|
|0200|1|PAO D MEL PANCO 500G|SEM GTIN||UN|00|19053100||00||0,00||
|0220|UN|1,000000|
|0200|1|PAO D MEL PANCO 500G|SEM GTIN||UN|00|19059090||00||0,00||
|0220|UN|1,000000|
|0200|1|PAO DE ALHO BAGUETE TRAD CX12X300GR|7898337980248||CX|00|19052090||00||18,00||
|0220|CX|1,000000|
|0200|1|PAO DE ALHO ZINHO 300G|SEM GTIN||UN|00|19052090||00||0,00||
|0220|UN|1,000000|
|0200|1|PAO DE F.INTEG.PANCO 380G|SEM GTIN||UN|00|19059010||00||0,00||
|0220|UN|1,000000|
|0200|1|PAO DE FORMA|SEM GTIN||UN|00|19059010||00||0,00||
|0220|UN|1,000000|
|0200|1|PAO DE FORMA|SEM GTIN||UN|00|19059090||00||12,00||
|0220|UN|1,000000|
|0200|1|PAO DE FORMA INTEGRAL QPAO 400G|7898248571207||UN|00|19059010||00||0,00||
|0220|UN|1,000000|
|0200|1|PAO DE FORMA TRADICIONAL QPAO 400G|7898333945593||UND|00|19059010||00||14,00||
|0220|UND|1,000000|
|0200|1|PAO DE LEITE PANCO 500G|SEM GTIN||UN|00|19059010||00||0,00||
|0220|UN|1,000000|
|0200|1|PAO DE QUEIJO MINI 12PCT X 300GR|7898912980823||CX|00|19012000||00||18,00||
|0220|CX|1,000000|
|0200|1|PAO DE QUEIJO MINI 300G|SEM GTIN||UN|00|19012000||00||0,00||
|0220|UN|1,000000|
|0200|1|PAO DOCE C/ GOIABADA PEQ. UNID|SEM GTIN||UN|00|19059090||00||18,00||
|0220|UN|1,000000|
|0200|1|PAO FORMA INT PANCO 500G|SEM GTIN||UN|00|19059010||00||0,00||
|0220|UN|1,000000|
|0200|1|PAO FORMA PANCO INT.100% 380G|SEM GTIN||UN|00|19059010||00||0,00||
|0220|UN|1,000000|
|0200|1|PAO FORMA Q PAO 400G|SEM GTIN||UN|00|19059010||00||0,00||
|0220|UN|1,000000|
|0200|1|PAO FRANCES C/4 UNID|SEM GTIN||UN|00|19059090||00||18,00||
|0220|UN|1,000000|
|0200|1|PAO FRANCES UNID|SEM GTIN||UN|00|19059090||00||18,00||
|0220|UN|1,000000|
|0200|1|PAO HOT DOG 6 UN|SEM GTIN||UN|00|19059090||00||0,00||
|0220|UN|1,000000|
|0200|1|PAO MASSA FINA 4 UNID.|SEM GTIN||UN|00|19059090||00||18,00||
|0220|UN|1,000000|
|0200|1|PAO MASSA FINA C/ QUEIJO UNID|SEM GTIN||UN|00|07019000||00||0,00||
|0220|UN|1,000000|
|0200|1|PAO MASSA FINA UNID.|SEM GTIN||UN|00|19059090||00||18,00||
|0220|UN|1,000000|
|0200|1|PAO MILHO PANCO 500G|SEM GTIN||UN|00|19059010||00||0,00||
|0220|UN|1,000000|
|0200|1|PAO PREMIUM PANCO 500G|SEM GTIN||UN|00|19059010||00||0,00||
|0220|UN|1,000000|
|0200|1|PAO SALGADO COBERT. QJ/PRES.UNID|SEM GTIN||UN|00|19059090||00||18,00||
|0220|UN|1,000000|
|0200|1|PAO SALGADO COBERTURA QUEIJ PRESUN UNID|SEM GTIN||UN|00|19059090||00||18,00||
|0220|UN|1,000000|
|0200|1|PAO SOVADO UN|SEM GTIN||UN|00|19059090||00||18,00||
|0220|UN|1,000000|
|0200|1|PAO VIDA + SABOR PANCO 380G|SEM GTIN||UN|00|19059010||00||0,00||
|0220|UN|1,000000|
|0200|1|PAPEL ALUM.LIFE CL.7,5M|SEM GTIN||UN|00|76071190||00||18,00||
|0220|UN|1,000000|
|0200|1|PAPEL ALUMINIO BOREDA 4MT|SEM GTIN||UN|00|76071190||00||18,00||
|0220|UN|1,000000|
|0200|1|PAPEL CRIATIVE 8 CORES 120GR C/24FLS|SEM GTIN||PT|00|48102990||00||18,00||
|0220|PT|1,000000|
|0200|1|PAPEL HIG CARINHO PREMIUM 4UN|7896339810907||UN|00|48181000||00||18,00||
|0220|UN|1,000000|
|0200|1|PAPEL HIG. CARINHO GOLD F SIMPLES 4 R|7896339810600||UN|00|48181000||00||18,00||
|0220|UN|1,000000|
|0200|1|PAPEL HIG. TOILET C/12RL|SEM GTIN||UN|00|48181000||00||18,00||
|0220|UN|1,000000|
|0200|1|PAPEL HIG.CARINHO PREMIUM C/12|SEM GTIN||UN|00|48181000||00||18,00||
|0220|UN|1,000000|
|0200|1|PAPEL HIG.NEVE 4UN NEUTRO|SEM GTIN||UN|00|48181000||00||18,00||
|0220|UN|1,000000|
|0200|1|PAPEL HIG.OLE LV12 PG11|SEM GTIN||UN|00|48181000||00||18,00||
|0220|UN|1,000000|
|0200|1|PAPEL HIGIENICO C/4 UND|SEM GTIN||UN|00|48181000||00||18,00||
|0220|UN|1,000000|
|0200|1|PAPEL HIGIENICO C/4 UND|SEM GTIN||UN|00|48183000||00||0,00||
|0220|UN|1,000000|
|0200|1|PAPEL HIGIENICO CARINHO P 4UN|SEM GTIN||UN|00|48181000||00||18,00||
|0220|UN|1,000000|
|0200|1|PAPEL MANTEIGA BOREDA 7,5M|SEM GTIN||UN|00|48062000||00||18,00||
|0220|UN|1,000000|
|0200|1|PAPEL MANTEIGA LIFE CLEAN 7,5M|SEM GTIN||UN|00|48062000||00||18,00||
|0220|UN|1,000000|
|0200|1|PAPEL PRESENTE ADULTO 50X60 C/20 700|SEM GTIN||PT|00|48111090||00||18,00||
|0220|PT|1,000000|
|0200|1|PAPEL PRESENTE INFANTIL 50X60 C/20 146|SEM GTIN||PT|00|48111090||00||18,00||
|0220|PT|1,000000|
|0200|1|PAPEL TOALHA BOM PETY 2UN|7896339810624||UN|00|48189090||00||0,00||
|0220|UN|1,000000|
|0200|1|PAPEL TOALHA BOM PETY 2UN|SEM GTIN||UN|00|48189090||00||0,00||
|0220|UN|1,000000|
|0200|1|PAPEL TOALHA PCT C/2 UND|SEM GTIN||UN|00|48183000||00||0,00||
|0220|UN|1,000000|
|0200|1|PAPEL TOALHA PCT C/2 UND|SEM GTIN||UN|00|48189090||00||0,00||
|0220|UN|1,000000|
|0200|1|PAPEL TOALHA SNOB C/2|SEM GTIN||UN|00|48189090||00||0,00||
|0220|UN|1,000000|
|0200|1|PAPEL TOALHA TROPICOS 2R|SEM GTIN||UN|00|48189090||00||0,00||
|0220|UN|1,000000|
|0200|1|PAPRICA DOCE ITALIANINHO 10G|SEM GTIN||UN|00|09041200||00||18,00||
|0220|UN|1,000000|
|0200|1|PAPRICA PICANTE ITALIANINHO 10G|SEM GTIN||UN|00|09041200||00||18,00||
|0220|UN|1,000000|
|0200|1|PAST GAROTO HORTELA C/40 CX 24|78910041||ES|00|17049020||00||18,00||
|0220|ES|1,000000|
|0200|1|PASTA OFICIO 20MM|SEM GTIN||UN|00|48209000||00||0,00||
|0220|UN|1,000000|
|0200|1|PATE DE ATUM COQUEIRO 170G|SEM GTIN||UN|00|16042010||00||0,00||
|0220|UN|1,000000|
|0200|1|PATE FRANGO SEARA|17894904573391||CX|00|16010000||00||18,00||
|0220|CX|1,000000|
|0200|1|PATE GALINHA ODERICH 100G|SEM GTIN||UN|00|16023230||00||0,00||
|0220|UN|1,000000|
|0200|1|PATE ODERICH CARNE 24/100|7896041108019||CX|00|16025000||00||18,00||
|0220|CX|1,000000|
|0200|1|PATE ODERICH GALINHA 24/100|7896041108033||CX|00|16023230||00||18,00||
|0220|CX|1,000000|
|0200|1|PATE PRESUNTO SEARA|17894904573384||CX|00|16010000||00||18,00||
|0220|CX|1,000000|
|0200|1|PATE PRESUNTO SEARA 100G|SEM GTIN||UN|00|16010000||00||0,00||
|0220|UN|1,000000|
|0200|1|PATE SEARA PRESUNTO 100G|SEM GTIN||UN|00|16010000||00||0,00||
|0220|UN|1,000000|
|0200|1|PATINHO KG|SEM GTIN||KG|00|02013000||00||0,00||
|0220|KG|1,000000|
|0200|1|PATINHO RESF|7898184830680||KG|00|02013000||00||12,00||
|0220|KG|1,000000|
|0200|1|PBisnagIntegr300|7891203063366||UN|00|19059090||00||12,00||
|0220|UN|1,000000|
|0200|1|PBisnaguinha 300|7891203010605||UN|00|19059090||00||12,00||
|0220|UN|1,000000|
|0200|1|PE DE GALINHA KG|SEM GTIN||KG|00|02071100||00||0,00||
|0220|KG|1,000000|
|0200|1|PE SALGADO KG|SEM GTIN||KG|00|02101100||00||0,00||
|0220|KG|1,000000|
|0200|1|PE SALGADO SARRIETTE CX 10KG|SEM GTIN||CX|00|02101100||00||18,00||
|0220|CX|1,000000|
|0200|1|PED. CARNE E VEGETAIS L20 P18KG BONUS BAG|7896029009765||SACO|00|23099010||00||18,00||
|0220|SACO|1,000000|
|0200|1|PED. CARNE, FRANGO E CEREAIS 15KG|7896029075715||SACO|00|23099010||00||18,00||
|0220|SACO|1,000000|
|0200|1|PED. FILHOTE R.MEDIAS E GRANDES 15KG|7896029006672||SACO|00|23099010||00||18,00||
|0220|SACO|1,000000|
|0200|1|PED. RACAS PEQUENAS L15 P13,5KG BONUS BAG|17896029071035||SACO|00|23099010||00||18,00||
|0220|SACO|1,000000|
|0200|1|PED. SACHE AD CARNE M&G 100G (36)|17896029018955||CX|00|23099010||00||18,00||
|0220|CX|1,000000|
|0200|1|PED. SACHE AD CORDEIRO PQ 100G (36)|17896029022273||CX|00|23099010||00||18,00||
|0220|CX|1,000000|
|0200|1|PED. SACHE AD FRANGO PQ 100G (36)|17896029022266||CX|00|23099010||00||18,00||
|0220|CX|1,000000|
|0200|1|PEDRA SAN QODOR EC 40G|SEM GTIN||UN|00|34025000||00||0,00||
|0220|UN|1,000000|
|0200|1|PEDRA SAN QODOR JM 40G|SEM GTIN||UN|00|34025000||00||0,00||
|0220|UN|1,000000|
|0200|1|PEDRA SAN QODOR MR 40G|SEM GTIN||UN|00|34025000||00||0,00||
|0220|UN|1,000000|
|0200|1|PEDRA SANIT SANY 25GR|SEM GTIN||UN|00|34025000||00||0,00||
|0220|UN|1,000000|
|0200|1|PEDRA SANIT. SANY EUCAL.|SEM GTIN||UN|00|34025000||00||0,00||
|0220|UN|1,000000|
|0200|1|PEITO BOVINO KG|SEM GTIN||KG|00|02061000||00||0,00||
|0220|KG|1,000000|
|0200|1|PEITO DE FGO ENV GUIBON CX18KG|SEM GTIN||CX|00|02071400||00||12,00||
|0220|CX|1,000000|
|0200|1|PEITO DE FGO ENV MAROMBI 17KG|SEM GTIN||CX|00|02071400||00||12,00||
|0220|CX|1,000000|
|0200|1|PEITO DE FRANGO|SEM GTIN||KG|00|02071400||00||0,00||
|0220|KG|1,000000|
|0200|1|PEITO DE PERU DEF.SADIA KG|SEM GTIN||KG|00|16023100||00||0,00||
|0220|KG|1,000000|
|0200|1|PEITO DE PERU DEFUMADO RESF 2,6KG VAR SD|17893000696201||CX|00|16023100||00||18,00||
|0220|CX|1,000000|
|0200|1|PEITO FRANGO KG|SEM GTIN||KG|00|07019000||00||0,00||
|0220|KG|1,000000|
|0200|1|PEITO PERU DEF SADIA KG|SEM GTIN||KG|00|16023100||00||0,00||
|0220|KG|1,000000|
|0200|1|PEITO RESF|7898184830734||KG|00|02061000||00||12,00||
|0220|KG|1,000000|
|0200|1|PEITORAL GUIA PARA GATOS 1,5M|SEM GTIN||UN|00|42010090||00||18,00||
|0220|UN|1,000000|
|0200|1|PEPINO KG|SEM GTIN||KG|00|07070000||00||0,00||
|0220|KG|1,000000|
|0200|1|PEPSI 1L|SEM GTIN||UN|00|22021000||00||0,00||
|0220|UN|1,000000|
|0200|1|PEPSI COLA 2L|SEM GTIN||UN|00|22021000||00||0,00||
|0220|UN|1,000000|
|0200|1|PEPSI COLA PET 1L CAIXA C/6|7892840812911||cx|00|22021000||00||16,00||
|0220|cx|1,000000|
|0200|1|PEPSI COLA PET 2L CAIXA C/6|7892840800246||cx|00|22021000||00||16,00||
|0220|cx|1,000000|
|0200|1|PEPSI TWIST 2L|SEM GTIN||UN|00|22021000||00||0,00||
|0220|UN|1,000000|
|0200|1|PERA KG|SEM GTIN||KG|00|08083000||00||0,00||
|0220|KG|1,000000|
|0200|1|PERFURADOR DE PAPEL METAL 1 FURO 93070|SEM GTIN||UN|00|84729040||00||18,00||
|0220|UN|1,000000|
|0200|1|PES DE FGO (PCT 1KG) JAGUA CX 16KG|SEM GTIN||CX|00|02071100||00||12,00||
|0220|CX|1,000000|
|0200|1|PES DE FGO INT AVE NOVA/REAL  CX15KG|SEM GTIN||CX|00|02071400||00||12,00||
|0220|CX|1,000000|
|0200|1|PESCOCO KG|SEM GTIN||KG|00|02071400||00||0,00||
|0220|KG|1,000000|
|0200|1|PESCOCO S/ PELE INT BELLO CX18|SEM GTIN||CX|00|02071400||00||12,00||
|0220|CX|1,000000|
|0200|1|PESSEGO CALDA OLE 800G|SEM GTIN||UN|00|20087090||00||0,00||
|0220|UN|1,000000|
|0200|1|PET ACAICRAC 450ML FD12|SEM GTIN||FD|00|22021000||00||0,00||
|0220|FD|1,000000|
|0200|1|PET CRAC LARANJA 450ML FD12|SEM GTIN||FD|00|22021000||00||0,00||
|0220|FD|1,000000|
|0200|1|PET CRAC LIMONADA 450ML FD12|SEM GTIN||FD|00|22021000||00||0,00||
|0220|FD|1,000000|
|0200|1|PET CRAC UVA 450ML|SEM GTIN||UN|00|22021000||00||0,00||
|0220|UN|1,000000|
|0200|1|PET CRAC UVA 450ML FD12|SEM GTIN||FD|00|22021000||00||0,00||
|0220|FD|1,000000|
|0200|1|PET GUARACRAC 450ML FD12|SEM GTIN||FD|00|22021000||00||0,00||
|0220|FD|1,000000|
|0200|1|PETALA LILAS N5|SEM GTIN||UN|00|48195000||00||18,00||
|0220|UN|1,000000|
|0200|1|PETALA PINK N5|SEM GTIN||UN|00|48195000||00||18,00||
|0220|UN|1,000000|
|0200|1|PETALA PRETA N5|SEM GTIN||UN|00|48195000||00||18,00||
|0220|UN|1,000000|
|0200|1|PETALA ROSA N5|SEM GTIN||UN|00|48195000||00||18,00||
|0220|UN|1,000000|
|0200|1|PETALA VERMELHA N5|SEM GTIN||UN|00|48195000||00||18,00||
|0220|UN|1,000000|
|0200|1|PETIT BOB ESPONJA 320G|SEM GTIN||UN|00|04061090||00||18,00||
|0220|UN|1,000000|
|0200|1|PETIT SUISSE ITAMBE KIDS 320G|SEM GTIN||UN|00|04061090||00||18,00||
|0220|UN|1,000000|
|0200|1|PETIT SUISSE MORANG BOB 320G ELEGE 5.76K|7891097089527||CJ|00|04061090||00||18,00||
|0220|CJ|1,000000|
|0200|1|PEggSponge10/250|7891203010568||UN|00|19059090||00||12,00||
|0220|UN|1,000000|
|0200|1|PForma 500|7891203010056||UN|00|19059010||00||14,00||
|0220|UN|1,000000|
|0200|1|PFormaZero500|7891203063304||UN|00|19059010||00||12,00||
|0220|UN|1,000000|
|0200|1|PICANHA SUINA TEMP. KG|SEM GTIN||KG|00|02032900||00||0,00||
|0220|KG|1,000000|
|0200|1|PICOLE BRIGAD KIBON|SEM GTIN||UN|00|21050010||00||0,00||
|0220|UN|1,000000|
|0200|1|PICOLE CHICABON|47891075030099||CX28|00|21050010||00||0,00||
|0220|CX28|1,000000|
|0200|1|PICOLE ESKIBON 48ML|SEM GTIN||UN|00|21050010||00||0,00||
|0220|UN|1,000000|
|0200|1|PICOLE FRUTILLY KIBON|SEM GTIN||UN|00|21050010||00||0,00||
|0220|UN|1,000000|
|0200|1|PICOLE FRUTTARE UVA|SEM GTIN||UN|00|21050010||00||0,00||
|0220|UN|1,000000|
|0200|1|PICOLE KIBON TABLI 63ML|SEM GTIN||UN|00|21050010||00||0,00||
|0220|UN|1,000000|
|0200|1|PICOLE TABLITO|37891075060211||CX24|00|21050010||00||0,00||
|0220|CX24|1,000000|
|0200|1|PILHA PALITO UN|SEM GTIN||UN|00|85061019||00||18,00||
|0220|UN|1,000000|
|0200|1|PILHA PANAS AA C/2UN|SEM GTIN||UN|00|85061019||00||18,00||
|0220|UN|1,000000|
|0200|1|PILHA PANASONIC C/4|SEM GTIN||UN|00|85061019||00||18,00||
|0220|UN|1,000000|
|0200|1|PILHA PANASONIC PEQ.TUBO C/52UN|SEM GTIN||UN|00|85061020||00||18,00||
|0220|UN|1,000000|
|0200|1|PILHA PEQUENA UNIDADE|SEM GTIN||UN|00|85061019||00||18,00||
|0220|UN|1,000000|
|0200|1|PIMENTA C/ COMINHO EM PO ITAL. 10G|SEM GTIN||UN|00|09041200||00||18,00||
|0220|UN|1,000000|
|0200|1|PIMENTA CALABRESA ITALIANINHO 5G|SEM GTIN||UN|00|16010000||00||18,00||
|0220|UN|1,000000|
|0200|1|PIMENTA DO REINO EM PO ITAL. 10G|SEM GTIN||UN|00|09041200||00||18,00||
|0220|UN|1,000000|
|0200|1|PIMENTAO|SEM GTIN||KG|00|07096000||00||0,00||
|0220|KG|1,000000|
|0200|1|PIMENTAO KG|SEM GTIN||KG|00|07096000||00||0,00||
|0220|KG|1,000000|
|0200|1|PINCEL MARCA TEXTO MARIPEL AM C/12|SEM GTIN||DZ|00|96082000||00||0,00||
|0220|DZ|1,000000|
|0200|1|PINGO DOURO BACON 48GX55|7892840814663||UN|00|19059090||00||18,00||
|0220|UN|1,000000|
|0200|1|PINHO SOL ORIG 500ML|SEM GTIN||UN|00|38089419||00||18,00||
|0220|UN|1,000000|
|0200|1|PINK MOON RED DRAFT 600ML|SEM GTIN||UN|00|22060090||00||37,00||
|0220|UN|1,000000|
|0200|1|PIP.MICRO.MANTEIG PEREIRA 100G|SEM GTIN||UN|00|20081900||00||0,00||
|0220|UN|1,000000|
|0200|1|PIPOCA COME COME 60G|SEM GTIN||UN|00|19041000||00||0,00||
|0220|UN|1,000000|
|0200|1|PIPOCA MIC PEREIR 100G|SEM GTIN||UN|00|20081900||00||0,00||
|0220|UN|1,000000|
|0200|1|PIPOCA MICROONDAS BACON C. PEREIRA - 24 X 100 G|SEM GTIN||CX|00|20081900||00||12,00||
|0220|CX|1,000000|
|0200|1|PIPOCA MICROONDAS MANTEIGA C. PEREIRA - 24 X 100 G|SEM GTIN||CX|00|20081900||00||12,00||
|0220|CX|1,000000|
|0200|1|PIPOCA MICROONDAS NATURAL C. PEREIRA - 24 X 100 G|SEM GTIN||CX|00|20081900||00||12,00||
|0220|CX|1,000000|
|0200|1|PIPOCA MICROONDAS QUEIJO C. PEREIRA - 24 X 100 G|17898084092796||CX|00|20081900||00||12,00||
|0220|CX|1,000000|
|0200|1|PIRAQUE ARGOLA ALDENTE 12X500G.|17896024745375||FD|00|19021900||00||18,00||
|0220|FD|1,000000|
|0200|1|PIRAQUE BISC.RECHEADO MORANGO 160G|SEM GTIN||UN|00|19053100||00||0,00||
|0220|UN|1,000000|
|0200|1|PIRAQUE BISCOITO AGUA GERGELIM 40X240G|17896024760309||CX|00|19053100||00||20,00||
|0220|CX|1,000000|
|0200|1|PIRAQUE BISCOITO CREAM CRACKER 40X200G|17896024721195||CX|00|19053100||00||20,00||
|0220|CX|1,000000|
|0200|1|PIRAQUE BISCOITO LEITE MALTADO 40X160G.|17896024760316||CX|00|19053100||00||20,00||
|0220|CX|1,000000|
|0200|1|PIRAQUE BISCOITO MAIZENA 40X200G|17896024722321||CX|00|19053100||00||20,00||
|0220|CX|1,000000|
|0200|1|PIRAQUE BISCOITO RECHEADO BRIGADEIRO 20X160G|17896024760439||CX|00|19053100||00||18,00||
|0220|CX|1,000000|
|0200|1|PIRAQUE BISCOITO RECHEADO CHOCOLATE 20X160G|17896024760354||CX|00|19053100||00||18,00||
|0220|CX|1,000000|
|0200|1|PIRAQUE BISCOITO RECHEADO COCO 20X160G|17896024760385||CX|00|19053100||00||18,00||
|0220|CX|1,000000|
|0200|1|PIRAQUE BISCOITO RECHEADO LIMAO 20X160G|17896024760378||CX|00|19053100||00||18,00||
|0220|CX|1,000000|
|0200|1|PIRAQUE BISCOITO RECHEADO MORANGO 20X160G|17896024760361||CX|00|19053100||00||18,00||
|0220|CX|1,000000|
|0200|1|PIRAQUE BISCOITO RECHEADO PRETTY 20X160G|17896024760408||CX|00|19053100||00||18,00||
|0220|CX|1,000000|
|0200|1|PIRAQUE BISCOITO SALGADINHOS SORTIDOS 6X175G|17896024778977||CX|00|19053100||00||18,00||
|0220|CX|1,000000|
|0200|1|PIRAQUE BISCOITO SALGADO 36X138G|17896024760446||CX|00|19053100||00||18,00||
|0220|CX|1,000000|
|0200|1|PIRAQUE CHOCOWAFER RECH COBERTO C CHOC BRANCO 30X100,8G|17896024760811||CX|00|19053200||00||18,00||
|0220|CX|1,000000|
|0200|1|PIRAQUE COOKIE CHOCOLATE 40X80G|17896024760880||CX|00|19053100||00||18,00||
|0220|CX|1,000000|
|0200|1|PIRAQUE ESPAGUETE ALDENTE 16X750G|17896024761214||FD|00|19021900||00||18,00||
|0220|FD|1,000000|
|0200|1|PIRAQUE ESPAGUETE ALDENTE 24X500G.|17896024740141||FD|00|19021900||00||18,00||
|0220|FD|1,000000|
|0200|1|PIRAQUE FIDELINHO OVOS 24X500G|17896024730425||FD|00|19021100||00||18,00||
|0220|FD|1,000000|
|0200|1|PIRAQUE PARAFUSO ALDENTE 16X500G.|17896024743166||FD|00|19021900||00||18,00||
|0220|FD|1,000000|
|0200|1|PIRAQUE PARAFUSO ALDENTE 500G|SEM GTIN||UN|00|19021900||00||18,00||
|0220|UN|1,000000|
|0200|1|PIRAQUE ROLADINHO DE GOIABA 40X75G.|17896024760132||CX|00|19053100||00||18,00||
|0220|CX|1,000000|
|0200|1|PIRAQUE WAFER LIMAO 20X100G|17896024760675||CX|00|19053200||00||18,00||
|0220|CX|1,000000|
|0200|1|PIRAQUE WAFER MORANGO 20X100G|17896024760651||CX|00|19053200||00||18,00||
|0220|CX|1,000000|
|0200|1|PITTY 13KG SC 001|7897807204341||SC|00|23099010||00||18,00||
|0220|SC|1,000000|
|0200|1|PIZZA CALABRESA SADIA 460G|SEM GTIN||UN|00|16010000||00||0,00||
|0220|UN|1,000000|
|0200|1|PIZZA CONG. SADI LOMBO DEF.REQ. E MUSSAR|17893000671994||CX|00|19059090||00||18,00||
|0220|CX|1,000000|
|0200|1|PIZZA SADIA CALABRESA 460G|SEM GTIN||UN|00|16010000||00||0,00||
|0220|UN|1,000000|
|0200|1|PIZZA SADIA FRANGO 460G|SEM GTIN||UN|00|19059090||00||0,00||
|0220|UN|1,000000|
|0200|1|PIZZAS MISTA CAIXA COM 3 SABORES SADIA|17893000070889||CX|00|19059090||00||18,00||
|0220|CX|1,000000|
|0200|1|PIntAustraliano380G|7891203068200||UN|00|19059010||00||12,00||
|0220|UN|1,000000|
|0200|1|PIntAveiaBananaMel 100% 380G|7891203068415||UN|00|19059010||00||12,00||
|0220|UN|1,000000|
|0200|1|PIntCastBras 380G|7891203067906||UN|00|19059010||00||12,00||
|0220|UN|1,000000|
|0200|1|PIntCastLinhaca 380G|7891203067913||UN|00|19059010||00||12,00||
|0220|UN|1,000000|
|0200|1|PIntMacaQuinoaCast 100% 380G|7891203068408||UN|00|19059010||00||12,00||
|0220|UN|1,000000|
|0200|1|PIntegral500|7891203063311||UN|00|19059010||00||12,00||
|0220|UN|1,000000|
|0200|1|PIntegralZero380|7891203063335||UN|00|19059010||00||12,00||
|0220|UN|1,000000|
|0200|1|PIntg15Graos 380|7891203058867||UN|00|19059010||00||12,00||
|0220|UN|1,000000|
|0200|1|PIntgOmega3 380|7891203058881||UN|00|19059010||00||12,00||
|0220|UN|1,000000|
|0200|1|PLACAS DE SINALIZACAO 1MM 240X50MM *DIVERSAS*|SEM GTIN||UN|00|39249000||00||18,00||
|0220|UN|1,000000|
|0200|1|PLAFON 571|7894179800959||Un|00|85366100||00||0,00||
|0220|Un|1,000000|
|0200|1|PLAINA PARA QUEIJO|SEM GTIN||UN|00|82159910||00||18,00||
|0220|UN|1,000000|
|0200|1|PLUG ROSCAVEL N.MARCA|SEM GTIN||UN|00|85366990||00||0,00||
|0220|UN|1,000000|
|0200|1|PM FRANCES PREDILETA 25KG BR|7891080134692||SAC|00|19012000||00||18,00||
|0220|SAC|1,000000|
|0200|1|PMilho 500 ContÃ©m milho e soja transgÃªnicos|7891203010209||UN|00|19059010||00||12,00||
|0220|UN|1,000000|
|0200|1|PO DESCOLORANTE CARE LISS 8G|SEM GTIN||UN|00|33059000||00||0,00||
|0220|UN|1,000000|
|0200|1|POLENGUINHO 17G|SEM GTIN||UN|00|04063000||00||18,00||
|0220|UN|1,000000|
|0200|1|POLENGUINHO NATURAL 72/17g CX12|7891143017887||ES|00|04063000||00||18,00||
|0220|ES|1,000000|
|0200|1|POLENGUINHO POLEN 20G|SEM GTIN||UN|00|04063000||00||18,00||
|0220|UN|1,000000|
|0200|1|POLIFLOR LAVANDA 200ML|SEM GTIN||UN|00|34052000||00||18,00||
|0220|UN|1,000000|
|0200|1|PORTA CATCHUP VERMELHO 394|SEM GTIN||UN|00|39241000||00||0,00||
|0220|UN|1,000000|
|0200|1|PORTA DETERGENTE 3 EM 1 28CM PTO 051P|SEM GTIN||UN|00|39241000||00||0,00||
|0220|UN|1,000000|
|0200|1|PORTA FRIOS DUPLO 25X17CM 1487 GR 22|SEM GTIN||UN|00|39241000||00||0,00||
|0220|UN|1,000000|
|0200|1|PORTA FRIOS PLASMONT C/2|SEM GTIN||UN|00|39241000||00||0,00||
|0220|UN|1,000000|
|0200|1|PORTA GUARDANAPO 331177|7898958331177||Un|00|39231090||00||0,00||
|0220|Un|1,000000|
|0200|1|PORTA LIQUIDO SPRAY 100ML|SEM GTIN||UN|00|39229000||00||18,00||
|0220|UN|1,000000|
|0200|1|PORTA MOSTARDA AMARELO 395|SEM GTIN||UN|00|39241000||00||0,00||
|0220|UN|1,000000|
|0200|1|PORTA SABAO EM PO 1KG 2763|SEM GTIN||UN|00|39249000||00||18,00||
|0220|UN|1,000000|
|0200|1|POTE 1,5L CREMOS CHICABON|17891150026770||CX4|00|21050010||00||0,00||
|0220|CX4|1,000000|
|0200|1|POTE 1,5L CREMOS CREME|17891150050232||CX4|00|21050010||00||0,00||
|0220|CX4|1,000000|
|0200|1|POTE 1,5L CREMOS FLOCOS|17891150050249||CX4|00|21050010||00||0,00||
|0220|CX4|1,000000|
|0200|1|POTE 1,5L CREMOS NAPOLITANO|17891150055855||CX4|00|21050010||00||0,00||
|0220|CX4|1,000000|
|0200|1|POTE 2L CREMOS 2X1 TROPICAL|17891150086903||CX4|00|21050010||00||0,00||
|0220|CX4|1,000000|
|0200|1|POTE 2L CREMOS 4X1 NAPOL+CREM|17891150055954||CX4|00|21050010||00||0,00||
|0220|CX4|1,000000|
|0200|1|POTE 2L TRISABOR|17891150024578||CX4|00|21050010||00||0,00||
|0220|CX4|1,000000|
|0200|1|POTE CRISTAL TAMPA BRANCA 1.4L 752|7908342100255||Un|00|39249000||00||0,00||
|0220|Un|1,000000|
|0200|1|POTE CRISTAL TAMPA BRANCA 2.2L 753|7908342100279||Un|00|39249000||00||0,00||
|0220|Un|1,000000|
|0200|1|POTE DE SORVETE CARIOCA 2L PC/4|7898279710484||FD|00|21050010||00||12,00||
|0220|FD|1,000000|
|0200|1|POTE DE SORVETE DE FLOCOS 2L.PC/4|7898279710088||FD|00|21050010||00||12,00||
|0220|FD|1,000000|
|0200|1|POTE DE SORVETE NAPOLITANO 2L. PC/4|7898279710118||FD|00|21050010||00||12,00||
|0220|FD|1,000000|
|0200|1|POTE DE SORVETE PASSAS AO RHUM 2L  PC/4|7898279710385||FD|00|21050010||00||12,00||
|0220|FD|1,000000|
|0200|1|POTE HERMETICO RET.250ML FRESH 7160|SEM GTIN||UN|00|39241000||00||0,00||
|0220|UN|1,000000|
|0200|1|POTE HERMETICO RET.250ML JOY 7100|SEM GTIN||UN|00|39241000||00||0,00||
|0220|UN|1,000000|
|0200|1|POTE PET TR 2207 1.000ML DIAMANTE|7896908222070||Un|00|39249000||00||0,00||
|0220|Un|1,000000|
|0200|1|POTE PLAST.C/ROSCA 360ML 2057|SEM GTIN||UN|00|39241000||00||0,00||
|0220|UN|1,000000|
|0200|1|POTE PLAST.C/ROSCA 500ML 2063|SEM GTIN||UN|00|39241000||00||0,00||
|0220|UN|1,000000|
|0200|1|POTE PLAST.C/ROSCA 750ML 2193/2185|SEM GTIN||UN|00|39241000||00||0,00||
|0220|UN|1,000000|
|0200|1|POTE RET.GRADUADO 800ML 508|SEM GTIN||UN|00|39241000||00||0,00||
|0220|UN|1,000000|
|0200|1|PRATO DE MELAMINA 20X1CM|7899101160156||Un|00|39241000||00||0,00||
|0220|Un|1,000000|
|0200|1|PRATO DES ZETA 18C10UN|SEM GTIN||UN|00|39241000||00||0,00||
|0220|UN|1,000000|
|0200|1|PRATO DESC. BELLO FESTAS C/10|SEM GTIN||UN|00|39241000||00||0,00||
|0220|UN|1,000000|
|0200|1|PRATOS DESC.MD KEROCOPO 10UN|SEM GTIN||UN|00|39241000||00||0,00||
|0220|UN|1,000000|
|0200|1|PRE MISTURA GLOBOMIX PAO FRANCES - RAFIA (25.00Kg)|7896534400095||SC|00|19012000||00||12,00||
|0220|SC|1,000000|
|0200|1|PRENDEDOR DE CHUPETA ANIMAIS SORT 2085|SEM GTIN||UN|00|39249000||00||18,00||
|0220|UN|1,000000|
|0200|1|PRENDEDOR DE CHUPETA INJETADO SORT 2078|SEM GTIN||UN|00|39249000||00||18,00||
|0220|UN|1,000000|
|0200|1|PRENDEDOR DE ROUPAS GABOARDI|SEM GTIN||UN|00|44219900||00||18,00||
|0220|UN|1,000000|
|0200|1|PRENDEDOR ROUPA MADEIRA GIG C12|SEM GTIN||UN|00|44219900||00||18,00||
|0220|UN|1,000000|
|0200|1|PRESERV ELITE C/3UN|SEM GTIN||UN|00|40141000||00||0,00||
|0220|UN|1,000000|
|0200|1|PRESTIGIO Chocolate 30x33g BR|7891000460214||EXB|00|18069000||00||0,00||
|0220|EXB|1,000000|
|0200|1|PRESTIGIO CookieChoc GotasChoc 52x60g BR|7891000339237||UNI|00|19053100||00||18,00||
|0220|UNI|1,000000|
|0200|1|PRESTIGIO NESTLE 33G|SEM GTIN||UN|00|18069000||00||0,00||
|0220|UN|1,000000|
|0200|1|PRESTOB.GILETE ULTRAGRIP II|SEM GTIN||UN|00|82121020||00||0,00||
|0220|UN|1,000000|
|0200|1|PRESTOBARBA BIC ACQUA 3|SEM GTIN||UN|00|07019000||00||0,00||
|0220|UN|1,000000|
|0200|1|PRESTOBARBA BIC SENSITIVE SAHVER 2UN|SEM GTIN||UN|00|07019000||00||0,00||
|0220|UN|1,000000|
|0200|1|PRESUNTO|SEM GTIN||KG|00|02101900||00||0,00||
|0220|KG|1,000000|
|0200|1|PRESUNTO|SEM GTIN||KG|00|16023100||00||0,00||
|0220|KG|1,000000|
|0200|1|PRESUNTO COZ. OVAL REZENDE CX\2X3,5KG|SEM GTIN||KG|00|16024900||00||18,00||
|0220|KG|1,000000|
|0200|1|PRESUNTO REZENDE KG|SEM GTIN||UN|00|16024900||00||0,00||
|0220|UN|1,000000|
|0200|1|PRESUNTO TRADIC. MAGRO PERDIGAO KG|SEM GTIN||KG|00|16024100||00||0,00||
|0220|KG|1,000000|
|0200|1|PRESUNTO TRADICIONAL MAGRO OVAL PERD|27891515220352||CX|00|16024100||00||18,00||
|0220|CX|1,000000|
|0200|1|PUDIM DE LEITE COND.ITAMBE 200G|SEM GTIN||UN|00|04039000||00||18,00||
|0220|UN|1,000000|
|0200|1|PULVERIZADOR|SEM GTIN||UN|00|39249000||00||18,00||
|0220|UN|1,000000|
|0200|1|PformaLeite 500|7891203010100||UN|00|19059010||00||14,00||
|0220|UN|1,000000|
|0200|1|Pilha Panasonic Peq 3sh Tubo..52un|17896067203887||CX18|00|85061020||00||12,00||
|0220|CX18|1,000000|
|0200|1|Q. BUTIRRO 1/2 LUA|SEM GTIN||KG|00|04069030||00||12,00||
|0220|KG|1,000000|
|0200|1|Q. MINAS FRESCAL - PQ|SEM GTIN||KG|00|04061090||00||12,00||
|0220|KG|1,000000|
|0200|1|Q. MUSSARELA LATVIDA|SEM GTIN||KG|00|04061010||00||18,00||
|0220|KG|1,000000|
|0200|1|Q. MUSSARELA LORENZO|SEM GTIN||KG|00|04061010||00||18,00||
|0220|KG|1,000000|
|0200|1|Q. PRATO PARLAK|SEM GTIN||KG|00|04069020||00||18,00||
|0220|KG|1,000000|
|0200|1|QJ MINAS FRESCAL KG|SEM GTIN||KG|00|04061090||00||0,00||
|0220|KG|1,000000|
|0200|1|QJ MINAS PADRAO SABOREAL KG|SEM GTIN||KG|00|07019000||00||0,00||
|0220|KG|1,000000|
|0200|1|QJ MUSSARELA FATIADO 150G|SEM GTIN||UN|00|04061010||00||18,00||
|0220|UN|1,000000|
|0200|1|QJ RALADO LAPARMA 40GR|7897373157140||UN|00|04062000||00||18,00||
|0220|UN|1,000000|
|0200|1|QJ RALADO LAPARMA 40GR|SEM GTIN||UN|00|04062000||00||18,00||
|0220|UN|1,000000|
|0200|1|QJ.PRATO FATIADO ITAMBE 150G|SEM GTIN||UN|00|04069020||00||18,00||
|0220|UN|1,000000|
|0200|1|QUEIJO MINAS|SEM GTIN||KG|00|02013000||00||12,00||
|0220|KG|1,000000|
|0200|1|QUEIJO MUSSARELA FATIADO 28X150G ITAMBE|7896051165446||UN|00|04061010||00||18,00||
|0220|UN|1,000000|
|0200|1|QUEIJO PARMESAO RALADO CRIOULO 20X50G|7896077650131||DP|00|04062000||00||18,00||
|0220|DP|1,000000|
|0200|1|QUEIJO PETIT SUISSE MORANGO 320G ITAMBE|7896051165880||UN|00|04061090||00||18,00||
|0220|UN|1,000000|
|0200|1|QUEIJO PRATO|SEM GTIN||KG|00|04069020||00||0,00||
|0220|KG|1,000000|
|0200|1|QUEIJO PRATO|SEM GTIN||KG|00|04069020||00||18,00||
|0220|KG|1,000000|
|0200|1|QUEIJO PRATO F3 PARLAK|7891900002613||KG|00|04069020||00||18,00||
|0220|KG|1,000000|
|0200|1|QUEIJO PRATO FATIADO 28X150G ITAMBE|7896051165484||UN|00|04069020||00||18,00||
|0220|UN|1,000000|
|0200|1|QUEIJO PRATO FATIADO KG|SEM GTIN||KG|00|04069020||00||0,00||
|0220|KG|1,000000|
|0200|1|QUEIJO RAL LA PARMA 25/40gr|7897373157140||ES|00|04062000||00||18,00||
|0220|ES|1,000000|
|0200|1|QUEIJO RALADO CRIOULO 50G|SEM GTIN||UN|00|04062000||00||18,00||
|0220|UN|1,000000|
|0200|1|QUEIJO RALADO ITALIANINHO 50G|SEM GTIN||UN|00|04062000||00||18,00||
|0220|UN|1,000000|
|0200|1|QUEIJO RLD FINO 50G|7898079293965||UN|00|04062000||00||18,00||
|0220|UN|1,000000|
|0200|1|QUENTINHA PEQUENA N8|SEM GTIN||UN|00|39239000||00||18,00||
|0220|UN|1,000000|
|0200|1|QUEROSENE AMALIA 500ML|SEM GTIN||UN|00|27101919||00||18,00||
|0220|UN|1,000000|
|0200|1|QUIABO KG|SEM GTIN||KG|00|07089000||00||0,00||
|0220|KG|1,000000|
|0200|1|QUINDAO KG|SEM GTIN||KG|00|07019000||00||0,00||
|0220|KG|1,000000|
|0200|1|RABADA KG|SEM GTIN||KG|00|02062990||00||0,00||
|0220|KG|1,000000|
|0200|1|RABO CONGELADO DE BOVINOS CX|07898184832615||KG|00|02062990||00||12,00||
|0220|KG|1,000000|
|0200|1|RACAO CHAMP CARNE E CEREAL KG|SEM GTIN||KG|00|23099010||00||0,00||
|0220|KG|1,000000|
|0200|1|RACAO FOSTER MIX KG|SEM GTIN||KG|00|23099010||00||0,00||
|0220|KG|1,000000|
|0200|1|RACAO GRANCAT CARNE/FRANGO KG|SEM GTIN||KG|00|23099010||00||0,00||
|0220|KG|1,000000|
|0200|1|RACAO KANINA KG|SEM GTIN||KG|00|23099010||00||0,00||
|0220|KG|1,000000|
|0200|1|RACAO KITEKAT CARNE E PEIXE KG|SEM GTIN||KG|00|23099010||00||0,00||
|0220|KG|1,000000|
|0200|1|RACAO PEDIGREE CARNE KG|SEM GTIN||KG|00|23099010||00||0,00||
|0220|KG|1,000000|
|0200|1|RACAO PEDIGREE FILHOTE KG|SEM GTIN||KG|00|23099010||00||0,00||
|0220|KG|1,000000|
|0200|1|RACAO PEDIGREE RACAS PQ 100G|SEM GTIN||UN|00|23091000||00||0,00||
|0220|UN|1,000000|
|0200|1|RACAO PEDIGREE SACHET 100G|SEM GTIN||UN|00|23099010||00||0,00||
|0220|UN|1,000000|
|0200|1|RACAO PITTY KG|SEM GTIN||KG|00|23099010||00||0,00||
|0220|KG|1,000000|
|0200|1|RACAO WHISKAS PEIXE/CARNE KG|SEM GTIN||KG|00|23099010||00||0,00||
|0220|KG|1,000000|
|0200|1|RALADOR  EM METAL|7899101134539||Un|00|82055100||00||0,00||
|0220|Un|1,000000|
|0200|1|RALADOR DE ACO|SEM GTIN||UN|00|82055100||00||18,00||
|0220|UN|1,000000|
|0200|1|RALO DE PIA INOX 7CM 13033|SEM GTIN||UN|00|73239300||00||18,00||
|0220|UN|1,000000|
|0200|1|RALO P/PIA 90MM|SEM GTIN||UN|00|73239300||00||18,00||
|0220|UN|1,000000|
|0200|1|RASPA COCO RC01|SEM GTIN||UN|00|39241000||00||0,00||
|0220|UN|1,000000|
|0200|1|RECH. GOIABADA FLEISCH 4KG|7898409950506||BD|00|17049090||00||18,00||
|0220|BD|1,000000|
|0200|1|RECH. MORANGO CREMOSO FLEISCH 4KG|07898409950513||BD|00|17049090||00||18,00||
|0220|BD|1,000000|
|0200|1|RECHEIO GOIABA ZERO ACUCAR 1,05KG RICHS|7898610603239||UN|00|20079990||00||18,00||
|0220|UN|1,000000|
|0200|1|RED BULL 250ML|SEM GTIN||UN|00|22029900||00||0,00||
|0220|UN|1,000000|
|0200|1|RED BULL BR LATA 250ML CX C 24 NPAL .|9002490100094||cx|00|22029900||00||18,00||
|0220|cx|1,000000|
|0200|1|RED BULL MELANCIA 250ML|SEM GTIN||UN|00|22029900||00||0,00||
|0220|UN|1,000000|
|0200|1|RED BULL MELANCIA LATA 250ML FOUR PACK NPAL|9002490247386||cx|00|22029900||00||18,00||
|0220|cx|1,000000|
|0200|1|RED BULL TROPICAL 250ML|SEM GTIN||UN|00|22029900||00||0,00||
|0220|UN|1,000000|
|0200|1|RED BULL TROPICAL BR LATA 250ML FOUR PACK NPAL .|9002490229009||cx|00|22029900||00||18,00||
|0220|cx|1,000000|
|0200|1|RED DRAFT BODEGAO CHOP 300ML|SEM GTIN||UN|00|22060090||00||37,00||
|0220|UN|1,000000|
|0200|1|RED DRAFT BODEGAO CHOP 600ML|SEM GTIN||UN|00|22060090||00||37,00||
|0220|UN|1,000000|
|0200|1|REDE EXTENSORA|7899101139923||Un|00|40169990||00||0,00||
|0220|Un|1,000000|
|0200|1|REF GUARANA ANT ZER 2LT|SEM GTIN||UN|00|22021000||00||0,00||
|0220|UN|1,000000|
|0200|1|REF.FRESH ABACAXI 15X15GR FAZ 2LT|7622210570024||PTE|00|21069010||00||12,00||
|0220|PTE|1,000000|
|0200|1|REF.FRESH CAJU 15X15GR FAZ 2LT|7622210569905||PTE|00|21069010||00||12,00||
|0220|PTE|1,000000|
|0200|1|REF.FRESH LARANJA 15X15GR FAZ 2LT|7622210569783||PTE|00|21069010||00||12,00||
|0220|PTE|1,000000|
|0200|1|REF.FRESH LIMAO 15X15GR FAZ 2LT|7622210569967||PTE|00|21069010||00||12,00||
|0220|PTE|1,000000|
|0200|1|REF.FRESH MANGA 15X15GR FAZ 2LT|7622210569998||PTE|00|21069010||00||12,00||
|0220|PTE|1,000000|
|0200|1|REF.FRESH MARACUJA 15X15GR FAZ 2LT|7622210569844||PTE|00|21069010||00||12,00||
|0220|PTE|1,000000|
|0200|1|REF.FRESH MORANGO 15X15GR FAZ 2LT|7622210569813||PTE|00|21069010||00||12,00||
|0220|PTE|1,000000|
|0200|1|REF.FRESH UVA 15X15GR FAZ 2LT|7622210569936||PTE|00|21069010||00||12,00||
|0220|PTE|1,000000|
|0200|1|REFR GUARAVITA 290ML|SEM GTIN||UN|00|22021000||00||0,00||
|0220|UN|1,000000|
|0200|1|REFRECO FRESH ABACAXI 10G|SEM GTIN||UN|00|21069010||00||18,00||
|0220|UN|1,000000|
|0200|1|REFRESCO FRESH CAJU 10G|SEM GTIN||UN|00|21069010||00||18,00||
|0220|UN|1,000000|
|0200|1|REFRESCO FRESH GUARANA 10G|SEM GTIN||UN|00|21069010||00||18,00||
|0220|UN|1,000000|
|0200|1|REFRESCO FRESH LARANJA 15G|SEM GTIN||UN|00|21069010||00||18,00||
|0220|UN|1,000000|
|0200|1|REFRESCO FRESH LIMAO 10G|SEM GTIN||UN|00|21069010||00||18,00||
|0220|UN|1,000000|
|0200|1|REFRESCO FRESH MANGA 10G|SEM GTIN||UN|00|21069010||00||18,00||
|0220|UN|1,000000|
|0200|1|REFRESCO FRESH MANGA 15G|SEM GTIN||UN|00|21069010||00||18,00||
|0220|UN|1,000000|
|0200|1|REFRESCO FRESH MARACUJA 15G|SEM GTIN||UN|00|21069010||00||18,00||
|0220|UN|1,000000|
|0200|1|REFRESCO FRESH MOR. 15G|SEM GTIN||UN|00|21069010||00||18,00||
|0220|UN|1,000000|
|0200|1|REFRESCO FRESH UVA 10G|SEM GTIN||UN|00|21069010||00||18,00||
|0220|UN|1,000000|
|0200|1|REFRESCO FRESH UVA 15G|SEM GTIN||UN|00|21069010||00||18,00||
|0220|UN|1,000000|
|0200|1|REFRESCO TANG 25G|SEM GTIN||UN|00|21069010||00||18,00||
|0220|UN|1,000000|
|0200|1|REFRESCO TANG MARACUJA 18G|SEM GTIN||UN|00|21069010||00||18,00||
|0220|UN|1,000000|
|0200|1|REFRESCO TANG TANGERINA 18G|SEM GTIN||UN|00|21069010||00||18,00||
|0220|UN|1,000000|
|0200|1|REFRESCO TANG UVA 18G|SEM GTIN||UN|00|21069010||00||18,00||
|0220|UN|1,000000|
|0200|1|REFRESCO TRINK ABAC.25G|SEM GTIN||UN|00|21069010||00||18,00||
|0220|UN|1,000000|
|0200|1|REFRESCO TRINK LIM.SUICA 25G|SEM GTIN||UN|00|21069010||00||18,00||
|0220|UN|1,000000|
|0200|1|REFRESCO TRINK LIMAO 25G|SEM GTIN||UN|00|21069010||00||18,00||
|0220|UN|1,000000|
|0200|1|REFRI FANTA UVA 600ML|SEM GTIN||UN|00|22021000||00||0,00||
|0220|UN|1,000000|
|0200|1|REFRIG. PEPSI ZERO ACUCAR 2L|SEM GTIN||UN|00|22021000||00||0,00||
|0220|UN|1,000000|
|0200|1|RENDADO ROSA N7|SEM GTIN||UN|00|48236900||00||18,00||
|0220|UN|1,000000|
|0200|1|REPOLHO KG|SEM GTIN||KG|00|07049000||00||0,00||
|0220|KG|1,000000|
|0200|1|REQ. CREMOSO TRAD. 15X200 G SERT - 7898515540059|7898515540059||CX|00|04061090||00||18,00||
|0220|CX|1,000000|
|0200|1|REQ.ELEGE CREMOSO 200G|SEM GTIN||UN|00|04061090||00||18,00||
|0220|UN|1,000000|
|0200|1|REQ.LIGHT CATUPIRY 200G|SEM GTIN||UN|00|04061090||00||18,00||
|0220|UN|1,000000|
|0200|1|REQUEIJAO|SEM GTIN||UN|00|04061090||00||18,00||
|0220|UN|1,000000|
|0200|1|REQUEIJAO|SEM GTIN||UN|00|15171000||00||0,00||
|0220|UN|1,000000|
|0200|1|REQUEIJAO BATAVO 200G|7891097090004||UN|00|04061090||00||18,00||
|0220|UN|1,000000|
|0200|1|REQUEIJAO BISNAGA CHEDDAR TOP MILK 1,2KG|7896557222650||UN|00|04069090||00||18,00||
|0220|UN|1,000000|
|0200|1|REQUEIJAO BISNAGA VALE DO PARDO 1,8KG|7896557222834||UN|00|04069090||00||18,00||
|0220|UN|1,000000|
|0200|1|REQUEIJAO COPO CREMILLE 200G|SEM GTIN||UN|00|04061090||00||18,00||
|0220|UN|1,000000|
|0200|1|REQUEIJAO COPOCREM CATUPIRY 200G|SEM GTIN||UN|00|04061090||00||18,00||
|0220|UN|1,000000|
|0200|1|REQUEIJAO CREM.BRASIL 200G|7898022390291||UN|00|04061090||00||18,00||
|0220|UN|1,000000|
|0200|1|REQUEIJAO CREM.CRIOULO 220G|SEM GTIN||UN|00|04061090||00||18,00||
|0220|UN|1,000000|
|0200|1|REQUEIJAO CREM.DICAMPI 200G|SEM GTIN||UN|00|04061090||00||18,00||
|0220|UN|1,000000|
|0200|1|REQUEIJAO CREMOSO CRIOULO LISO 220G|7896077602093||UN|00|04061090||00||18,00||
|0220|UN|1,000000|
|0200|1|REQUEIJAO CREMOSO ELEGE TRAD CP 200G|7896079588548||POT|00|04061090||00||18,00||
|0220|POT|1,000000|
|0200|1|REQUEIJAO DICAMPI LIGHT 200G|SEM GTIN||UN|00|04061090||00||18,00||
|0220|UN|1,000000|
|0200|1|REQUEIJAO ITAMBE TRAD. 250G|SEM GTIN||UN|00|04061090||00||18,00||
|0220|UN|1,000000|
|0200|1|REQUEIJAO SERTANORTE 200G|SEM GTIN||UN|00|04061090||00||18,00||
|0220|UN|1,000000|
|0200|1|REQUEIJAO TRADICIONAL COPO 220G|7896051140016||UN|00|04061090||00||18,00||
|0220|UN|1,000000|
|0200|1|RESIST.DUCH.LOR.3T 127/4600    C10|7896451851093||SC|00|85168010||00||12,00||
|0220|SC|1,000000|
|0200|1|RESMA DE PAPEL CHAMEQ.100F|SEM GTIN||UN|00|48025610||00||0,00||
|0220|UN|1,000000|
|0200|1|RF-TANG ABACAXI 15/25 CX10|7622300861148||ES|00|21069010||00||18,00||
|0220|ES|1,000000|
|0200|1|RF-TANG GOIABA 15/25 CX10|7622210762962||ES|00|21069010||00||18,00||
|0220|ES|1,000000|
|0200|1|RF-TANG GUARANA 18/18 CX10|7622210571816||ES|00|21069010||00||18,00||
|0220|ES|1,000000|
|0200|1|RF-TANG LARANJA 15/25 CX10|7622300861186||ES|00|21069010||00||18,00||
|0220|ES|1,000000|
|0200|1|RF-TANG LARANJA DOCINHA 18/18 CX10|7622210571571||ES|00|21069010||00||18,00||
|0220|ES|1,000000|
|0200|1|RF-TANG LARANJA/MAMAO 15/25 CX10|7622300861872||ES|00|21069010||00||18,00||
|0220|ES|1,000000|
|0200|1|RF-TANG LIMAO 15/25 CX10|7622300861919||ES|00|21069010||00||18,00||
|0220|ES|1,000000|
|0200|1|RF-TANG MARACUJA 18/18 CX10|7622210571694||ES|00|21069010||00||18,00||
|0220|ES|1,000000|
|0200|1|RF-TANG MORANGO 15/25 CX10|7622300861308||ES|00|21069010||00||18,00||
|0220|ES|1,000000|
|0200|1|RF-TANG TANGERINA 18/18 CX10|7622210571632||ES|00|21069010||00||18,00||
|0220|ES|1,000000|
|0200|1|RF-TANG UVA 18/18 CX10|7622210571786||ES|00|21069010||00||18,00||
|0220|ES|1,000000|
|0200|1|RF-TANG UVA INTENSA 18/18 CX10|7622210571663||ES|00|21069010||00||18,00||
|0220|ES|1,000000|
|0200|1|RODO MADEIRA 30 CM|2510000390004||UN|00|96039000||00||0,00||
|0220|UN|1,000000|
|0200|1|RODO MADEIRA 40 CM|2510000490001||UN|00|96031000||00||0,00||
|0220|UN|1,000000|
|0200|1|RODO MADEIRA IDEAL 30CM|SEM GTIN||UN|00|96039000||00||18,00||
|0220|UN|1,000000|
|0200|1|RODO PLASTICO 30 CM|2510000170002||UN|00|96031000||00||0,00||
|0220|UN|1,000000|
|0200|1|RODO PLASTICO 30CM|SEM GTIN||UN|00|96039000||00||18,00||
|0220|UN|1,000000|
|0200|1|RODO PLASTICO 40CM|SEM GTIN||UN|00|96039000||00||18,00||
|0220|UN|1,000000|
|0200|1|ROLINHO MIN.PARATI 40G|SEM GTIN||UN|00|19053200||00||0,00||
|0220|UN|1,000000|
|0200|1|ROOM DECOR 3D|SEM GTIN||UN|00|48192000||00||18,00||
|0220|UN|1,000000|
|0200|1|ROSCA ACEB KI GOSTOSO 180G|SEM GTIN||UN|00|19059090||00||0,00||
|0220|UN|1,000000|
|0200|1|ROSCA ACEBOLADA|7894511657739||UND|00|19059090||00||0,00||
|0220|UND|1,000000|
|0200|1|ROSCA ALHO|7891005832993||UND|00|19059090||00||0,00||
|0220|UND|1,000000|
|0200|1|ROSCA AMANTEIGADA|7894528658811||UND|00|19059090||00||0,00||
|0220|UND|1,000000|
|0200|1|ROSQ CHOCO PANC 500G|SEM GTIN||UN|00|19053100||00||0,00||
|0220|UN|1,000000|
|0200|1|ROSQ COCO TICA 500G|SEM GTIN||UN|00|19059090||00||18,00||
|0220|UN|1,000000|
|0200|1|ROSQ. DE LEITE CADORE 300G|SEM GTIN||UN|00|19053100||00||18,00||
|0220|UN|1,000000|
|0200|1|ROSQ.ALHO KI-GOSTOSO 180G|SEM GTIN||UN|00|19059090||00||0,00||
|0220|UN|1,000000|
|0200|1|ROSQ.AMANTEIG.KI-GOSTOSO 180G|SEM GTIN||UN|00|19059090||00||0,00||
|0220|UN|1,000000|
|0200|1|ROSQ.DE COCO CADORE 300G|SEM GTIN||UN|00|19059090||00||18,00||
|0220|UN|1,000000|
|0200|1|ROSQ.MABEL BAN/CAN 350G|SEM GTIN||UN|00|19059090||00||18,00||
|0220|UN|1,000000|
|0200|1|ROSQUINHA DE COCO PANCO 350G|SEM GTIN||UN|00|19059090||00||18,00||
|0220|UN|1,000000|
|0200|1|ROSQUINHA LEITE MABEL 350G|7896071025058||UN|00|19059090||00||18,00||
|0220|UN|1,000000|
|0200|1|ROSQUINHA NATA MABEL 350G|SEM GTIN||UN|00|19053100||00||18,00||
|0220|UN|1,000000|
|0200|1|ROYALPACK FILME PVC 15M|SEM GTIN||UN|00|39204390||00||18,00||
|0220|UN|1,000000|
|0200|1|RUFFL CEB E SALSA 40GX48X1 DTS|7892840819729||UN|00|20052000||00||18,00||
|0220|UN|1,000000|
|0200|1|RUFFLES C E S 92GX24|7892840816704||UN|00|20052000||00||18,00||
|0220|UN|1,000000|
|0200|1|RUFFLES CHURRASCO 40GX48X1 DTS|7892840819736||UN|00|20052000||00||18,00||
|0220|UN|1,000000|
|0200|1|RUFFLES QUEIJO 40GX48X1 DTS|7892840819743||UN|00|20052000||00||18,00||
|0220|UN|1,000000|
|0200|1|RUFFLES SAL 40GX48X1 DTS|7892840819750||UN|00|20052000||00||18,00||
|0220|UN|1,000000|
|0200|1|RUFFLES SAL 92GX24|7892840816728||UN|00|20052000||00||18,00||
|0220|UN|1,000000|
|0200|1|RUFFLES SWAP BACONZITOS 35GX56|7892840819996||UN|00|20052000||00||18,00||
|0220|UN|1,000000|
|0200|1|RUFFLES SWAP BACONZITOS 70GX25|7892840820008||UN|00|20052000||00||18,00||
|0220|UN|1,000000|
|0200|1|S.BISNACK CHURR.PANCO 80G|SEM GTIN||UN|00|19059090||00||0,00||
|0220|UN|1,000000|
|0200|1|S.BISNACK GALETO PANCO 80G|SEM GTIN||UN|00|19059090||00||0,00||
|0220|UN|1,000000|
|0200|1|SAB FRANCIS GARDENIA 85G|SEM GTIN||UN|00|34011190||00||18,00||
|0220|UN|1,000000|
|0200|1|SAB FRANCIS LIRIO 85G|SEM GTIN||UN|00|34011190||00||18,00||
|0220|UN|1,000000|
|0200|1|SAB FRANCIS LUX TO 90G|SEM GTIN||UN|00|34011190||00||18,00||
|0220|UN|1,000000|
|0200|1|SAB GLIC BARRA 200G|SEM GTIN||UN|00|34011900||00||18,00||
|0220|UN|1,000000|
|0200|1|SAB LUX BOT FLOR V 85G|SEM GTIN||UN|00|34011190||00||18,00||
|0220|UN|1,000000|
|0200|1|SAB LUX BOT ORQUIDEA N 85G|SEM GTIN||UN|00|34011190||00||18,00||
|0220|UN|1,000000|
|0200|1|SAB LUX BOT ROSAS F 85G|SEM GTIN||UN|00|34011190||00||18,00||
|0220|UN|1,000000|
|0200|1|SAB PAST NEUTR 200G|SEM GTIN||UN|00|34012090||00||18,00||
|0220|UN|1,000000|
|0200|1|SAB. PHEBO ODOR ROSAS 90G|7896512909787||UN|00|34011190||00||18,00||
|0220|UN|1,000000|
|0200|1|SAB. PHEBO ODOR ROSAS 90G|SEM GTIN||UN|00|34011190||00||18,00||
|0220|UN|1,000000|
|0200|1|SAB.FLOR DE YPE 85G|SEM GTIN||UN|00|34011190||00||18,00||
|0220|UN|1,000000|
|0200|1|SAB.FLOR YPE SVE AMARELO FLOR DE LAR./DAMASCO 85G (72)|7896098902240||CX|00|34011190||00||18,00||
|0220|CX|1,000000|
|0200|1|SAB.FLOR YPE SVE AZUL ROSAS BRANCAS/AVELA 85G (72)|7896098902264||CX|00|34011190||00||18,00||
|0220|CX|1,000000|
|0200|1|SAB.FLOR YPE SVE BEGE FLOR DE BAUNILHA/AMENDOAS 85G (72)|7896098902271||CX|00|34011190||00||18,00||
|0220|CX|1,000000|
|0200|1|SAB.FLOR YPE SVE BRANCO GARDENIA/ARGAN 85G (72)|SEM GTIN||CX|00|34011190||00||18,00||
|0220|CX|1,000000|
|0200|1|SAB.FLOR YPE SVE ROSA MACA/FRAMBOESA 85G (72)|7896098902233||CX|00|34011190||00||18,00||
|0220|CX|1,000000|
|0200|1|SAB.GRANADO TRAD 90G|SEM GTIN||UN|00|34011190||00||18,00||
|0220|UN|1,000000|
|0200|1|SAB.PHEBO ODOR ROSAS|7896512909787||PCT2|00|34011190||00||18,00||
|0220|PCT2|1,000000|
|0200|1|SABAO BARRA YPE NEUTRO 10X5X180GR|7896098905906||CXA|00|34011900||00||12,00||
|0220|CXA|1,000000|
|0200|1|SABAO COCO BARRA 100G|SEM GTIN||UN|00|34011900||00||18,00||
|0220|UN|1,000000|
|0200|1|SABAO DE COCO RUTH CARE 90G|SEM GTIN||UN|00|34011900||00||18,00||
|0220|UN|1,000000|
|0200|1|SABAO EM PEDRA DIV UN|SEM GTIN||UN|00|34011900||00||18,00||
|0220|UN|1,000000|
|0200|1|SABAO EM PO INVICTO LAV. 1KG|7898031172956||UN|00|34025000||00||0,00||
|0220|UN|1,000000|
|0200|1|SABAO EM PO KLIP 1K|7896241900017||UN|00|34025000||00||0,00||
|0220|UN|1,000000|
|0200|1|SABAO EM PO KLIP ALOE VERA 1KG|SEM GTIN||UN|00|34025000||00||0,00||
|0220|UN|1,000000|
|0200|1|SABAO EM PO KLIP PERF. INT. 1KG|SEM GTIN||UN|00|34025000||00||0,00||
|0220|UN|1,000000|
|0200|1|SABAO EM PO MINUANO 1,8KG|SEM GTIN||UN|00|34025000||00||0,00||
|0220|UN|1,000000|
|0200|1|SABAO EM PO OMO L.PERF 400G|SEM GTIN||UN|00|34025000||00||0,00||
|0220|UN|1,000000|
|0200|1|SABAO EM PO OMO LAV.PERF.800G|SEM GTIN||UN|00|34025000||00||0,00||
|0220|UN|1,000000|
|0200|1|SABAO EM PO SURF 800G|SEM GTIN||UN|00|34025000||00||0,00||
|0220|UN|1,000000|
|0200|1|SABAO EM PO SURF COCO 1,6KG|SEM GTIN||UN|00|34025000||00||0,00||
|0220|UN|1,000000|
|0200|1|SABAO EM PO SURF COCO 800G|SEM GTIN||UN|00|34025000||00||0,00||
|0220|UN|1,000000|
|0200|1|SABAO EM PO TIXAN YPE 400G|SEM GTIN||UN|00|34025000||00||0,00||
|0220|UN|1,000000|
|0200|1|SABAO EM PO TIXAN YPE 800G|SEM GTIN||UN|00|34025000||00||0,00||
|0220|UN|1,000000|
|0200|1|SABAO EM PO TIXAN YPE CX 400G|SEM GTIN||UN|00|34025000||00||0,00||
|0220|UN|1,000000|
|0200|1|SABAO EM PO YPE (SACHE) 1,6KG|SEM GTIN||UN|00|34025000||00||0,00||
|0220|UN|1,000000|
|0200|1|SABAO OMO LIQUIDO 900ML|SEM GTIN||UN|00|34025000||00||0,00||
|0220|UN|1,000000|
|0200|1|SABAO PAST NEUTRAL 500G|SEM GTIN||UN|00|34012090||00||18,00||
|0220|UN|1,000000|
|0200|1|SABAO PAST.VITRAL 200G|SEM GTIN||UN|00|34012090||00||18,00||
|0220|UN|1,000000|
|0200|1|SABAO PEDRA BARRA 200G|SEM GTIN||UN|00|34011900||00||18,00||
|0220|UN|1,000000|
|0200|1|SABAO PO DT SURF CUID.COCO 16X800G SACHE|7891150086791||FDO|00|34025000||00||12,00||
|0220|FDO|1,000000|
|0200|1|SABAO PO DT SURF FLOR LIS 16X800G SACHE|7891150086777||FDO|00|34025000||00||12,00||
|0220|FDO|1,000000|
|0200|1|SABAOO PASTOSO VITRAL 500G|SEM GTIN||UN|00|34012090||00||18,00||
|0220|UN|1,000000|
|0200|1|SABON.ALBANY 85G|SEM GTIN||UN|00|34011190||00||18,00||
|0220|UN|1,000000|
|0200|1|SABON.FLOR DE YPE 85G|SEM GTIN||UN|00|34011190||00||18,00||
|0220|UN|1,000000|
|0200|1|SABON.FRANCIS 85G|SEM GTIN||UN|00|34011190||00||18,00||
|0220|UN|1,000000|
|0200|1|SABON.LUX BOTAN.85G|SEM GTIN||UN|00|34011190||00||18,00||
|0220|UN|1,000000|
|0200|1|SABON.REXONA ANTIB. 84G|SEM GTIN||UN|00|34011190||00||18,00||
|0220|UN|1,000000|
|0200|1|SABONETE ALBANY 85G|SEM GTIN||UN|00|34011190||00||18,00||
|0220|UN|1,000000|
|0200|1|SABONETE DOVE CREM.90G|SEM GTIN||UN|00|34011190||00||18,00||
|0220|UN|1,000000|
|0200|1|SABONETE PROTEX 85G|SEM GTIN||UN|00|34011190||00||18,00||
|0220|UN|1,000000|
|0200|1|SABONETE REXONA TEC ANT BAC 84G|SEM GTIN||UN|00|34011190||00||18,00||
|0220|UN|1,000000|
|0200|1|SABONETEIRA SANTANA REF:530|SEM GTIN||UN|00|39249000||00||18,00||
|0220|UN|1,000000|
|0200|1|SABOR AMI ALH SAL 300G|SEM GTIN||UN|00|21039021||00||0,00||
|0220|UN|1,000000|
|0200|1|SACO DE PANO 40CMX65CM|SEM GTIN||UN|00|63071000||00||18,00||
|0220|UN|1,000000|
|0200|1|SACO INCOLOR 10X15CM C/50|SEM GTIN||UN|00|39232990||00||18,00||
|0220|UN|1,000000|
|0200|1|SACO INCOLOR 15X22CM C/50|SEM GTIN||UN|00|39232990||00||18,00||
|0220|UN|1,000000|
|0200|1|SACO INCOLOR 20X30CM C/50|SEM GTIN||UN|00|39232990||00||18,00||
|0220|UN|1,000000|
|0200|1|SACO P/LIXO 100L|7898477890155||UN|00|39232190||00||0,00||
|0220|UN|1,000000|
|0200|1|SACO P/LIXO PESADO A.M 200L 10UN|SEM GTIN||UN|00|39232110||00||18,00||
|0220|UN|1,000000|
|0200|1|SACO PLAST. 20X40-005 PLAJOP|SEM GTIN||KG|00|39232190||00||0,00||
|0220|KG|1,000000|
|0200|1|SACO PLAST. 30X40-005 PLAJOP|SEM GTIN||KG|00|39232190||00||0,00||
|0220|KG|1,000000|
|0200|1|SACO PLASTICO IPE|SEM GTIN||UN|00|39239000||00||18,00||
|0220|UN|1,000000|
|0200|1|SACO PLASTICO P/LIXO 100 LITROS PESADO (100 UND)|SEM GTIN||Pacote|00|39232110||00||0,00||
|0220|Pacote|1,000000|
|0200|1|SACO PLASTICO P/LIXO 200 LITROS PESADO (100 UND)|SEM GTIN||Pacote|00|39232110||00||0,00||
|0220|Pacote|1,000000|
|0200|1|SACO PLASTICO P/LIXO 40 LITROS (100 UND)|SEM GTIN||Pacote|00|39232110||00||0,00||
|0220|Pacote|1,000000|
|0200|1|SACO PLASTICO P/LIXO 60 LITROS (100 UND)|SEM GTIN||Pacote|00|39232110||00||0,00||
|0220|Pacote|1,000000|
|0200|1|SACO PRESENTE METAL.35X53CM SORC50|7896647012383||PT|00|39232990||00||12,00||
|0220|PT|1,000000|
|0200|1|SACO SACOLE DE BAIXA INT.6X24CM 10X100UN|SEM GTIN||PT|00|39232110||00||18,00||
|0220|PT|1,000000|
|0200|1|SACOLA 30 X 45 PADARIA RIO|SEM GTIN||MIL|00|39232190||00||0,00||
|0220|MIL|1,000000|
|0200|1|SACOLA 30X45 PADARIA|SEM GTIN||PCT|00|39232190||00||0,00||
|0220|PCT|1,000000|
|0200|1|SACOLA 30X45 PADARIA RIO|SEM GTIN||CTO|00|39232190||00||0,00||
|0220|CTO|1,000000|
|0200|1|SACOLA 38X50 EU SOU SUSTENTAVEL|SEM GTIN||MIL|00|39232190||00||0,00||
|0220|MIL|1,000000|
|0200|1|SACOLA 40X50 PADARIA RIO|SEM GTIN||MIL|00|39232190||00||0,00||
|0220|MIL|1,000000|
|0200|1|SACOLA 40X50 VERDE BIODEGRAD FASAPEL|SEM GTIN||MIL|00|39232190||00||0,00||
|0220|MIL|1,000000|
|0200|1|SACOLA BIODEGRADAVEL UNID.|SEM GTIN||UN|00|39232190||00||18,00||
|0220|UN|1,000000|
|0200|1|SACOLA ESTAMPADA|SEM GTIN||UN|00|48194000||00||18,00||
|0220|UN|1,000000|
|0200|1|SACOLA RECICLADA KRAFT 15X8,5X22 PP C/10 1532|SEM GTIN||PT|00|48025592||00||18,00||
|0220|PT|1,000000|
|0200|1|SACOLA RECICLADA KRAFT 24X14X30 M C/10 24X30|SEM GTIN||PT|00|48025592||00||18,00||
|0220|PT|1,000000|
|0200|1|SACOS P/LIXO A.M 100L 10UN|SEM GTIN||UN|00|39232110||00||0,00||
|0220|UN|1,000000|
|0200|1|SACOS P/LIXO A.M 40L 10UN|SEM GTIN||UN|00|39232110||00||0,00||
|0220|UN|1,000000|
|0200|1|SACOS P/LIXO A.M 60L 10UN|SEM GTIN||UN|00|39232110||00||0,00||
|0220|UN|1,000000|
|0200|1|SAL|SEM GTIN||KG|00|25010020||00||12,00||
|0220|KG|1,000000|
|0200|1|SAL GR E FINAS 500G|7898079292937||UN|00|21039021||00||18,00||
|0220|UN|1,000000|
|0200|1|SAL GROSSO MARLIN|SEM GTIN||UN|00|25010090||00||12,00||
|0220|UN|1,000000|
|0200|1|SAL GROSSO TEMPERADO ERVAS F. ITAL. 500G|SEM GTIN||UN|00|21039021||00||0,00||
|0220|UN|1,000000|
|0200|1|SAL REF MARLIN 1KG|SEM GTIN||UN|00|25010020||00||12,00||
|0220|UN|1,000000|
|0200|1|SAL REFINADO|SEM GTIN||KG|00|25010020||00||0,00||
|0220|KG|1,000000|
|0200|1|SAL REFINADO|SEM GTIN||KG|00|25010020||00||12,00||
|0220|KG|1,000000|
|0200|1|SAL REFINADO IODADO MARLIN 30X1|7896101711012||FD|00|25010020||00||0,00||
|0220|FD|1,000000|
|0200|1|SALAME ITALIANO FAT S GOURME|17894904555656||CX|00|16010000||00||18,00||
|0220|CX|1,000000|
|0200|1|SALAME ITALIANO SEARA 100G|SEM GTIN||UN|00|16010000||00||0,00||
|0220|UN|1,000000|
|0200|1|SALEIRO DE MESA ACRILICO 55|SEM GTIN||UN|00|39241000||00||0,00||
|0220|UN|1,000000|
|0200|1|SALG ANEL CEBOLA 50G - CX/50|7897559900232||CX|00|19041000||00||0,00||
|0220|CX|1,000000|
|0200|1|SALG BISNACK PANCO 80G|SEM GTIN||UN|00|19059090||00||0,00||
|0220|UN|1,000000|
|0200|1|SALG CONCHA PRES 50G - CX/50|7897559900218||CX|00|19041000||00||0,00||
|0220|CX|1,000000|
|0200|1|SALG CONCHA QUEIJO 50G - CX/50|7897559900201||CX|00|19041000||00||0,00||
|0220|CX|1,000000|
|0200|1|SALG LUA QUEIJO 50G - CX/50|7897559900225||CX|00|19041000||00||0,00||
|0220|CX|1,000000|
|0200|1|SALG.BISNACK GALETO 80G|SEM GTIN||UN|00|19059090||00||0,00||
|0220|UN|1,000000|
|0200|1|SALG.BISNACK PANCO CEB.80G|SEM GTIN||UN|00|19059090||00||0,00||
|0220|UN|1,000000|
|0200|1|SALG.FOFURA JR CEBOLA|7892840819026||UN|00|19041000||00||0,00||
|0220|UN|1,000000|
|0200|1|SALG.FOFURA JR PRESUNTO|7892840819033||UN|00|19041000||00||0,00||
|0220|UN|1,000000|
|0200|1|SALG.FOFURA JR REQUEIJAO|7892840819064||UN|00|19041000||00||0,00||
|0220|UN|1,000000|
|0200|1|SALG.SKINY NATURAL|7896071025508||UN|00|19041000||00||0,00||
|0220|UN|1,000000|
|0200|1|SALGAD.GOSTOSITOS CEBOLA 50G|SEM GTIN||UN|00|19041000||00||0,00||
|0220|UN|1,000000|
|0200|1|SALGAD.GOSTOSITOS QJ 50G|SEM GTIN||UN|00|19041000||00||0,00||
|0220|UN|1,000000|
|0200|1|SALGAD.SKINY ORIG 38G|SEM GTIN||UN|00|19041000||00||0,00||
|0220|UN|1,000000|
|0200|1|SALGAD.TORCIDA PIM.MEX 70G|SEM GTIN||UN|00|19059090||00||0,00||
|0220|UN|1,000000|
|0200|1|SALGADINHO POINT BACON 35G|SEM GTIN||UN|00|19059090||00||0,00||
|0220|UN|1,000000|
|0200|1|SALGADINHOS STIKSY 48G|SEM GTIN||UN|00|19059090||00||0,00||
|0220|UN|1,000000|
|0200|1|SALSICHA|SEM GTIN||KG|00|16010000||00||18,00||
|0220|KG|1,000000|
|0200|1|SALSICHA CONG. KG|SEM GTIN||KG|00|16010000||00||18,00||
|0220|KG|1,000000|
|0200|1|SALSICHA CONG. REZENDE CX/4X5KG|SEM GTIN||KG|00|16010000||00||18,00||
|0220|KG|1,000000|
|0200|1|SALSICHA CONG. REZENDE CX\4X5KG|SEM GTIN||KG|00|16010000||00||18,00||
|0220|KG|1,000000|
|0200|1|SALSICHA CONG.GUIBON CX18KG|SEM GTIN||CX|00|16010000||00||18,00||
|0220|CX|1,000000|
|0200|1|SALSICHA PERDIGAO KG|SEM GTIN||KG|00|16010000||00||0,00||
|0220|KG|1,000000|
|0200|1|SAND HAVAIANAS ADULT|SEM GTIN||UN|00|64022000||00||18,00||
|0220|UN|1,000000|
|0200|1|SAP RADIUM 250ML CR LAVANDA (12)|7891022861068||UN|00|34054000||00||18,00||
|0220|UN|1,000000|
|0200|1|SAPOLIO RADIUM 250ML|SEM GTIN||UN|00|34054000||00||18,00||
|0220|UN|1,000000|
|0200|1|SARD 88 48/250 TOMATE|7891167023109||CX|00|16041310||00||18,00||
|0220|CX|1,000000|
|0200|1|SARD TOM PALMEIRA 125G|SEM GTIN||UN|00|16041310||00||18,00||
|0220|UN|1,000000|
|0200|1|SARD.G.DA COSTA TOM 125G|SEM GTIN||UN|00|16041310||00||18,00||
|0220|UN|1,000000|
|0200|1|SARDINHA EM TOMATE 88 250G|SEM GTIN||UN|00|16041310||00||18,00||
|0220|UN|1,000000|
|0200|1|SB PROTEX VITAMINA E 85G|SEM GTIN||UN|00|34011190||00||18,00||
|0220|UN|1,000000|
|0200|1|SB-MINUANO GLIC.NEUTRO M.USO 24/1/180|7908324402841||CX|00|34011900||00||18,00||
|0220|CX|1,000000|
|0200|1|SB.EM PO TIXAN YPE 800G|SEM GTIN||UN|00|34025000||00||0,00||
|0220|UN|1,000000|
|0200|1|SBP CITRONELA 273ML|7891035396953||UN|00|38089119||00||18,00||
|0220|UN|1,000000|
|0200|1|SBP MULTIINSETICIDA 219G|SEM GTIN||UN|00|38089119||00||18,00||
|0220|UN|1,000000|
|0200|1|SBisnackBacon80g|7891203063182||UN|00|19059090||00||18,00||
|0220|UN|1,000000|
|0200|1|SBisnackChurra80|7891203060082||UN|00|19059090||00||18,00||
|0220|UN|1,000000|
|0200|1|SBisnackGaleto80g|7891203068231||UN|00|19059090||00||18,00||
|0220|UN|1,000000|
|0200|1|SCHWEPPES CIT PET 1,5L CX 06UN|7894900321807||CX|00|22021000||00||16,00||
|0220|CX|1,000000|
|0200|1|SCHWEPPES TONICA 350ML|SEM GTIN||UN|00|22021000||00||0,00||
|0220|UN|1,000000|
|0200|1|SCHWEPPES TONICA LATA 350ML CX 12UN|27894900300011||CX|00|22021000||00||16,00||
|0220|CX|1,000000|
|0200|1|SELETA LEG.PREDILECTA 280G|SEM GTIN||UN|00|20059900||00||0,00||
|0220|UN|1,000000|
|0200|1|SELVAGEM MEL LIMAO 1L|SEM GTIN||UN|00|22060090||00||37,00||
|0220|UN|1,000000|
|0200|1|SENSACOES FIT PERU 45G|SEM GTIN||UN|00|20052000||00||0,00||
|0220|UN|1,000000|
|0200|1|SENSACOES FRANGO G 45G|SEM GTIN||UN|00|20052000||00||0,00||
|0220|UN|1,000000|
|0200|1|SENSACOES FRANGO GRELHADO 45|7892840225711||UN|00|20052000||00||18,00||
|0220|UN|1,000000|
|0200|1|SENSACOES PEITO PERU 45 BG|7892840215217||UN|00|20052000||00||18,00||
|0220|UN|1,000000|
|0200|1|SH SEDA LIMPEZA MICELAR 325ML|SEM GTIN||UN|00|33051000||00||0,00||
|0220|UN|1,000000|
|0200|1|SHAMPOO DARLING TILIA 350ML|SEM GTIN||UN|00|33051000||00||0,00||
|0220|UN|1,000000|
|0200|1|SHAMPOO SEDA BAB. 325ML|SEM GTIN||UN|00|33051000||00||0,00||
|0220|UN|1,000000|
|0200|1|SHAMPOO SEDA CO ANTCASP 325ML|SEM GTIN||UN|00|33051000||00||0,00||
|0220|UN|1,000000|
|0200|1|SHAMPOO SEDA CO CERAMIDAS 325ML|SEM GTIN||UN|00|33051000||00||0,00||
|0220|UN|1,000000|
|0200|1|SHAMPOO SEDA CO-CRIACOES 325ML|SEM GTIN||UN|00|33051000||00||0,00||
|0220|UN|1,000000|
|0200|1|SHAMPOO SEDA REST. INST. 325ML|SEM GTIN||UN|00|33051000||00||0,00||
|0220|UN|1,000000|
|0200|1|SHAMPOO SEDA TIANA 300ML|SEM GTIN||UN|00|33051000||00||0,00||
|0220|UN|1,000000|
|0200|1|SHAMPOO SUP.PODEROSA 300ML|SEM GTIN||UN|00|33051000||00||0,00||
|0220|UN|1,000000|
|0200|1|SHG420 SALSICHA HOT DOG PT 5KG PERDIGAO|17891515220980||CX|00|16010000||00||18,00||
|0220|CX|1,000000|
|0200|1|SHOWCOBIANCO PEPITO 34G|SEM GTIN||UN|00|18069000||00||0,00||
|0220|UN|1,000000|
|0200|1|SKALA EXPERT 1KG|SEM GTIN||UN|00|33059000||00||0,00||
|0220|UN|1,000000|
|0200|1|SKOL BEATS 269ML|SEM GTIN||UN|00|22089000||00||37,00||
|0220|UN|1,000000|
|0200|1|SKOL LT 473ML SH C/12 NPAL|7891149100828||cx|00|22030000||00||18,00||
|0220|cx|1,000000|
|0200|1|SOBREMESA ITAMBE FLAN 200G|SEM GTIN||UN|00|04039000||00||18,00||
|0220|UN|1,000000|
|0200|1|SOBREMESA LAC FLAN CARAM ITAMBE BDJ 200G|7896051165514||UN|00|04039000||00||18,00||
|0220|UN|1,000000|
|0200|1|SOBREMESA PUDIM 200G ITAMBE|7896051165927||UN|00|04039000||00||18,00||
|0220|UN|1,000000|
|0200|1|SOCADOR FEIJAO MADEIRA|SEM GTIN||UN|00|44199000||00||18,00||
|0220|UN|1,000000|
|0200|1|SODA CAUST AMALIA 400G|SEM GTIN||UN|00|28151100||00||18,00||
|0220|UN|1,000000|
|0200|1|SODA CAUSTICA AMALIA 400GR (12)|7896484351256||UN|00|28151100||00||18,00||
|0220|UN|1,000000|
|0200|1|SODA LIMONADA 2LT|SEM GTIN||UN|00|22021000||00||0,00||
|0220|UN|1,000000|
|0200|1|SOMBRINHA DOBRAVEL ADULTO|7899101125124||Un|00|66019110||00||0,00||
|0220|Un|1,000000|
|0200|1|SOMBRINHA DOBRAVEL ADULTO|7899101136557||Un|00|66019110||00||0,00||
|0220|Un|1,000000|
|0200|1|SONRISAL UNIDADE|SEM GTIN||UN|00|07019000||00||0,00||
|0220|UN|1,000000|
|0200|1|SOPA KNORR CREME CEBOLA|27891150030590||CXA1|00|21041011||00||18,00||
|0220|CXA1|1,000000|
|0200|1|SOPA KNORR CREME CEBOLA 12X60GR|7891150030596||CXA|00|21041011||00||12,00||
|0220|CXA|1,000000|
|0200|1|SOQUETE P/FEIJAO MADEIRA|SEM GTIN||UN|00|44199000||00||18,00||
|0220|UN|1,000000|
|0200|1|SORV SLOOP FLOCOS 2LT|SEM GTIN||UN|00|21050010||00||0,00||
|0220|UN|1,000000|
|0200|1|SORV SLOOP NAPOLITANO 2LT|SEM GTIN||UN|00|21050010||00||0,00||
|0220|UN|1,000000|
|0200|1|SORV SLOOP PASS AO RUM 2LT|SEM GTIN||UN|00|21050010||00||0,00||
|0220|UN|1,000000|
|0200|1|SORV. SLOOP ACAI NAT 1LT|SEM GTIN||UN|00|21050010||00||0,00||
|0220|UN|1,000000|
|0200|1|SORVETE KIBON NAPOLITANO 1,5LT|SEM GTIN||UN|00|21050010||00||0,00||
|0220|UN|1,000000|
|0200|1|SORVETE SLOOP 1,8LT|SEM GTIN||UN|00|21050010||00||0,00||
|0220|UN|1,000000|
|0200|1|SORVETE SPECIALITE PANNA COTTA 1.8L|SEM GTIN||UN|00|21050010||00||0,00||
|0220|UN|1,000000|
|0200|1|SORVETE TRISABOR KIBON 2LT|SEM GTIN||UN|00|21050010||00||0,00||
|0220|UN|1,000000|
|0200|1|SPLASH PEQUENO PROMOCAO C/50UN|SEM GTIN||PT|00|95051000||00||18,00||
|0220|PT|1,000000|
|0200|1|SPRITE 2,250L|SEM GTIN||UN|00|22021000||00||0,00||
|0220|UN|1,000000|
|0200|1|SPRITE 200ML|SEM GTIN||UN|00|22021000||00||0,00||
|0220|UN|1,000000|
|0200|1|SPRITE 2LT|7894900061512||UN|00|22021000||00||0,00||
|0220|UN|1,000000|
|0200|1|SPRITE 2LT|SEM GTIN||UN|00|22021000||00||0,00||
|0220|UN|1,000000|
|0200|1|SPRITE ORIGINAL PET 2L + 250 ML CX 06UN|17894900681403||CX|00|22021000||00||16,00||
|0220|CX|1,000000|
|0200|1|SPRITE ORIGINAL PET 2L CX 06UN|17894900681069||CX|00|22021000||00||16,00||
|0220|CX|1,000000|
|0200|1|STAX ORIGINAL 163|7892840225810||UN|00|19059090||00||18,00||
|0220|UN|1,000000|
|0200|1|STEAK DE FRANGO|SEM GTIN||KG|00|16023220||00||0,00||
|0220|KG|1,000000|
|0200|1|STEAK FGO EMP CONG IWP 100G SD|17891515473218||CX|00|16023230||00||18,00||
|0220|CX|1,000000|
|0200|1|STEAK FRANG AURORA KG|SEM GTIN||KG|00|16023230||00||0,00||
|0220|KG|1,000000|
|0200|1|STEAK FRANG PERDIG KG|SEM GTIN||KG|00|07101000||00||0,00||
|0220|KG|1,000000|
|0200|1|STIKSY 48GX45|7892840818500||UN|00|19059090||00||18,00||
|0220|UN|1,000000|
|0200|1|SUCO BELA ISCHIA GOIABA 1LT|SEM GTIN||UN|00|22029900||00||0,00||
|0220|UN|1,000000|
|0200|1|SUCO DE CAJU IMBIARA 980ML|SEM GTIN||UN|00|21069010||00||18,00||
|0220|UN|1,000000|
|0200|1|SUCO DE LARANJA ADES 200ML|SEM GTIN||UN|00|22029900||00||0,00||
|0220|UN|1,000000|
|0200|1|SUCO DE MACA ADES 200ML|SEM GTIN||UN|00|22029900||00||0,00||
|0220|UN|1,000000|
|0200|1|SUCO DE MANGA IMBIARA 500ML|SEM GTIN||UN|00|21069010||00||18,00||
|0220|UN|1,000000|
|0200|1|SUCO DE MANGA IMBIARA 980ML|SEM GTIN||UN|00|21069010||00||18,00||
|0220|UN|1,000000|
|0200|1|SUCO DE UVA ADES 200ML|SEM GTIN||UN|00|22029900||00||0,00||
|0220|UN|1,000000|
|0200|1|SUCO DE UVA SALTON INTEGRAL 500 ML|7896023085840||GF|00|20096100||00||18,00||
|0220|GF|1,000000|
|0200|1|SUCO DE UVA SALTON INTEGRAL 500ML|SEM GTIN||UN|00|20096100||00||37,00||
|0220|UN|1,000000|
|0200|1|SUCO DEL VALLE FRUT UVA 1LT|SEM GTIN||UN|00|22021000||00||0,00||
|0220|UN|1,000000|
|0200|1|SUCO IMBIARA|SEM GTIN||UN|00|20096900||00||0,00||
|0220|UN|1,000000|
|0200|1|SUCO IMBIARA|SEM GTIN||UN|00|21069010||00||18,00||
|0220|UN|1,000000|
|0200|1|SUCO IMBIARA CAJU 500ML|7896859100045||UN|00|21069010||00||18,00||
|0220|UN|1,000000|
|0200|1|SUCO IMBIARA CAJU 500ML|SEM GTIN||UN|00|21069010||00||18,00||
|0220|UN|1,000000|
|0200|1|SUCO IMBIARA GOIA 980ML|SEM GTIN||UN|00|21069010||00||18,00||
|0220|UN|1,000000|
|0200|1|SUCO IMBIARA GOIAB 500ML|SEM GTIN||UN|00|21069010||00||18,00||
|0220|UN|1,000000|
|0200|1|SUCO IMBIARA MARAC 500ML|SEM GTIN||UN|00|21069010||00||18,00||
|0220|UN|1,000000|
|0200|1|SUCO LARANJA SPECIALBLEND 900ML AMBIENTE|07899916904778||UN|00|20091200||00||18,00||
|0220|UN|1,000000|
|0200|1|SUCO MISTO UVA MACA 180ML AMBIENTE|7899916906031||UN|00|20099000||00||18,00||
|0220|UN|1,000000|
|0200|1|SUCO MISTO UVA MACA 300ML AMBIENTE|07899916904716||UN|00|20099000||00||18,00||
|0220|UN|1,000000|
|0200|1|SUCO NATURAL ONE LARANJA 900ML|SEM GTIN||UN|00|20091200||00||0,00||
|0220|UN|1,000000|
|0200|1|SUCO NATURAL ONE UVA 180ML|SEM GTIN||UN|00|20099000||00||0,00||
|0220|UN|1,000000|
|0200|1|SUCO NATURAL ONE UVA 300ML|SEM GTIN||UN|00|20099000||00||0,00||
|0220|UN|1,000000|
|0200|1|SUCO SPECIALBLEND LARANJA 300ML AMBIENTE|07899916904617||UN|00|20091200||00||18,00||
|0220|UN|1,000000|
|0200|1|SUCO UVA BELA ISCHIA 1LT|SEM GTIN||UN|00|22029900||00||0,00||
|0220|UN|1,000000|
|0200|1|SUCO UVA E MACA 300ML REFRIGERADO|07899916900343||UN|00|20099000||00||18,00||
|0220|UN|1,000000|
|0200|1|SUCRILHOS KELLOGGS ORIG.250G|SEM GTIN||UN|00|19041000||00||0,00||
|0220|UN|1,000000|
|0200|1|SUKITA LARANJA 2LT|SEM GTIN||UN|00|22021000||00||0,00||
|0220|UN|1,000000|
|0200|1|SUKITA PET 2L CAIXA C/6|7891149100378||cx|00|22021000||00||16,00||
|0220|cx|1,000000|
|0200|1|SUKITA UVA 2LT|7891149102808||UN|00|22021000||00||0,00||
|0220|UN|1,000000|
|0200|1|SUKITA UVA PET 2L CAIXA C/6|7891149102815||cx|00|22021000||00||16,00||
|0220|cx|1,000000|
|0200|1|SUKITA UVA PET 2LT|7891149102808||UN|00|22021000||00||0,00||
|0220|UN|1,000000|
|0200|1|SUKITA UVA PET 2LT|SEM GTIN||UN|00|22021000||00||0,00||
|0220|UN|1,000000|
|0200|1|SUPERCOLA INSTNAT 2G|SEM GTIN||UN|00|35061010||00||18,00||
|0220|UN|1,000000|
|0200|1|SUPORTE P/BOTIJAO PLASTICO 013|SEM GTIN||UN|00|39249000||00||18,00||
|0220|UN|1,000000|
|0200|1|SUPORTE PARA CORTINA BOX 0,90MX1,30M 40|SEM GTIN||UN|00|73063000||00||18,00||
|0220|UN|1,000000|
|0200|1|SUPORTE PARA CORTINA BOX 1,30MX1,70M 41|SEM GTIN||UN|00|76152000||00||18,00||
|0220|UN|1,000000|
|0200|1|Sabao Pastoso Neutral..200g|17896270200796||CX24|00|34011900||00||12,00||
|0220|CX24|1,000000|
|0200|1|Salgadinho Torcida Bacon..70g|17892840816862||CX20|00|19059090||00||12,00||
|0220|CX20|1,000000|
|0200|1|Sapolio Radium Po Lavanda..300g|17891022852735||CX12|00|34054000||00||12,00||
|0220|CX12|1,000000|
|0200|1|TABLETE ARCOR AMARGO 70% 12X80G (6)|7898142863903||DISP|00|18063210||00||18,00||
|0220|DISP|1,000000|
|0200|1|TABLETE ARCOR AO LEITE 12X80G (6)|7898142863804||DISP|00|18063210||00||18,00||
|0220|DISP|1,000000|
|0200|1|TABLETE ARCOR BRANCO 12X80G (6)|7898142863941||DISP|00|17049010||00||18,00||
|0220|DISP|1,000000|
|0200|1|TABLETE ARCOR BRIGADEIRO 12X80G (6)|7898142863927||DISP|00|18063210||00||18,00||
|0220|DISP|1,000000|
|0200|1|TABLETE ARCOR MEIO AMARGO 12X80G (6)|7898142863880||DISP|00|18063210||00||18,00||
|0220|DISP|1,000000|
|0200|1|TABLETE ARCOR ROCKLETS 12X80G (6)|7898142863989||DISP|00|18063210||00||18,00||
|0220|DISP|1,000000|
|0200|1|TABUA P/CARNE DE MADEIRA N.3 16X35CM|SEM GTIN||UN|00|44199000||00||18,00||
|0220|UN|1,000000|
|0200|1|TABUA P/FRIOS MADEIRA RED. 24CM 4170|SEM GTIN||UN|00|82159910||00||18,00||
|0220|UN|1,000000|
|0200|1|TALCO BARLA ANTISSEPTICO 80GR|7896806700069||PCA|00|33049100||00||12,00||
|0220|PCA|1,000000|
|0200|1|TALCO TENYS PE PO 100g ORIGINAL|7896020160052||UN|00|33072090||00||18,00||
|0220|UN|1,000000|
|0200|1|TALCO TENYS PE PO BARRUEL 100G|SEM GTIN||UN|00|33072010||00||18,00||
|0220|UN|1,000000|
|0200|1|TALHARIM BOLONHESA NISSIN 90G|SEM GTIN||UN|00|19023000||00||0,00||
|0220|UN|1,000000|
|0200|1|TALHARIM NISSIN CARNE C/TOM 90G|SEM GTIN||UN|00|19023000||00||0,00||
|0220|UN|1,000000|
|0200|1|TAMPA FACIL C/3 UND|SEM GTIN||UN|00|39249000||00||18,00||
|0220|UN|1,000000|
|0200|1|TANG ABACAXI 25G|SEM GTIN||UN|00|21069010||00||18,00||
|0220|UN|1,000000|
|0200|1|TANG GOIABA 25G|SEM GTIN||UN|00|21069010||00||18,00||
|0220|UN|1,000000|
|0200|1|TANG GUARANA 25G|SEM GTIN||UN|00|21069010||00||18,00||
|0220|UN|1,000000|
|0200|1|TANG LARAN MAMAO 25G|SEM GTIN||UN|00|21069010||00||18,00||
|0220|UN|1,000000|
|0200|1|TANG LARANJA 25G|SEM GTIN||UN|00|21069010||00||18,00||
|0220|UN|1,000000|
|0200|1|TANG LIMAO 25G|SEM GTIN||UN|00|21069010||00||18,00||
|0220|UN|1,000000|
|0200|1|TANG MORANGO 25G|SEM GTIN||UN|00|21069010||00||18,00||
|0220|UN|1,000000|
|0200|1|TANGERINA KG|SEM GTIN||KG|00|08052100||00||0,00||
|0220|KG|1,000000|
|0200|1|TAPIOCA 20/500 G|17896016501750||EN|00|19030000||00||18,00||
|0220|EN|1,000000|
|0200|1|TAPIOCA DE MAND. HIDRATADA C. PEREIRA - 20 X 500 G|17898084091577||CX|00|11081400||00||12,00||
|0220|CX|1,000000|
|0200|1|TAPIOCA DE MANDIOCA C. PEREIRA - T1- 20 X 500 G|17898084090358||FD|00|19030000||00||12,00||
|0220|FD|1,000000|
|0200|1|TAPIOCA DE MANDIOCA C.PEREIRA 500G|SEM GTIN||UN|00|19030000||00||18,00||
|0220|UN|1,000000|
|0200|1|TAPIOCA DE MANDIOCA HID.PEREIRA 500G|SEM GTIN||UN|00|11081400||00||18,00||
|0220|UN|1,000000|
|0200|1|TEENS CHOCOLATE 30G CX C/12 DP 8 UNID|7896003737424||DP|00|19059020||00||18,00||
|0220|DP|1,000000|
|0200|1|TEKITOS PAS|17894904500113||CX|00|16023230||00||18,00||
|0220|CX|1,000000|
|0200|1|TEKITOS SEARA 300G|SEM GTIN||UN|00|16023290||00||0,00||
|0220|UN|1,000000|
|0200|1|TEMP SAZON ARROZ 60G|SEM GTIN||UN|00|21039021||00||0,00||
|0220|UN|1,000000|
|0200|1|TEMP SAZON AVES 60G|SEM GTIN||UN|00|21039021||00||0,00||
|0220|UN|1,000000|
|0200|1|TEMP SAZON CARNES 60G|SEM GTIN||UN|00|21039021||00||0,00||
|0220|UN|1,000000|
|0200|1|TEMP SAZON FEIJAO 60G|SEM GTIN||UN|00|21039021||00||0,00||
|0220|UN|1,000000|
|0200|1|TEMP SAZON SALADA 60G|SEM GTIN||UN|00|21039021||00||0,00||
|0220|UN|1,000000|
|0200|1|TEMP SAZON SB NORD 60G|SEM GTIN||UN|00|21039021||00||0,00||
|0220|UN|1,000000|
|0200|1|TEMP.ALHO FRITO ITALIAN. 80G|SEM GTIN||UN|00|07129090||00||18,00||
|0220|UN|1,000000|
|0200|1|TEMP.KNORR MEU F.ASSADO 25G|SEM GTIN||UN|00|21039021||00||0,00||
|0220|UN|1,000000|
|0200|1|TEMPERO ALHO PICADO ITAL. 200G|7898079293224||UN|00|07032090||00||18,00||
|0220|UN|1,000000|
|0200|1|TEMPERO ALHO PICADO ITAL. 200G|SEM GTIN||UN|00|07032090||00||18,00||
|0220|UN|1,000000|
|0200|1|TEMPERO ALHO SAL ITALIANINHO 270G|SEM GTIN||UN|00|21039021||00||0,00||
|0220|UN|1,000000|
|0200|1|TEMPERO BAIANO ITALIANINHO 20G|SEM GTIN||UN|00|21039021||00||0,00||
|0220|UN|1,000000|
|0200|1|TEMPERO COMP COM ALHO SAL 270G|7898079292784||UN|00|21039021||00||18,00||
|0220|UN|1,000000|
|0200|1|TEMPERO COMP COM BACON 270G|7898079293170||UN|00|21039021||00||18,00||
|0220|UN|1,000000|
|0200|1|TEMPERO COMP. ITALIANINHO 270G|SEM GTIN||UN|00|21039021||00||0,00||
|0220|UN|1,000000|
|0200|1|TEMPERO COMP.C/PIM. PORTUENSE 300G|SEM GTIN||UN|00|21039021||00||0,00||
|0220|UN|1,000000|
|0200|1|TEMPERO COMPLETO ITALIANINHO 270G|SEM GTIN||UN|00|21039021||00||0,00||
|0220|UN|1,000000|
|0200|1|TEMPERO MAGICO SINHA AVES 50G|SEM GTIN||UN|00|21039021||00||0,00||
|0220|UN|1,000000|
|0200|1|TEMPERO MAGICO SINHA CARNE 50G|SEM GTIN||UN|00|21039021||00||0,00||
|0220|UN|1,000000|
|0200|1|TEMPERO MISTO EM PO ITAL.10G|SEM GTIN||UN|00|21039021||00||0,00||
|0220|UN|1,000000|
|0200|1|TEMPERO PRONTO SABOR AMI|SEM GTIN||UN|00|21039021||00||0,00||
|0220|UN|1,000000|
|0200|1|TEMPERO PRONTO SABOR AMI|SEM GTIN||UN|00|21039029||00||0,00||
|0220|UN|1,000000|
|0200|1|TEMPERO SAZON ALHO 60G|SEM GTIN||UN|00|21039021||00||0,00||
|0220|UN|1,000000|
|0200|1|TEMPERO SAZON NORDESTE 60G|SEM GTIN||UN|00|21039021||00||0,00||
|0220|UN|1,000000|
|0200|1|TEMPERO SAZON NORDESTE 60GR CR 12X60GR QTD. 2.00 CR|7891132001101||UN|00|21039021||00||18,00||
|0220|UN|1,000000|
|0200|1|TEMPERO SAZON VERMELHO 60GR CX 48X60GR QTD. 2.00 CX|7891132019281||UN|00|21039021||00||18,00||
|0220|UN|1,000000|
|0200|1|TINGECOR MARINHO 40G|SEM GTIN||UN|00|32041400||00||0,00||
|0220|UN|1,000000|
|0200|1|TINGIDOR GUARANY 40g PRETO 31|7891988000273||PCT|00|32041400||00||18,00||
|0220|PCT|1,000000|
|0200|1|TINT MARCIA PR AZ 1.1|SEM GTIN||UN|00|33059000||00||0,00||
|0220|UN|1,000000|
|0200|1|TIRA FERRUGEM SEMORIM 50ML|SEM GTIN||UN|00|29171110||00||18,00||
|0220|UN|1,000000|
|0200|1|TOALHAS DECORADAS 70X70 LEITOSA RENDADA SORT|SEM GTIN||UN|00|39232990||00||18,00||
|0220|UN|1,000000|
|0200|1|TOALHAS DECORADAS 70X70 LEITOSA XADREX SORT|SEM GTIN||UN|00|39232990||00||18,00||
|0220|UN|1,000000|
|0200|1|TODDY ORIGINAL 370GR|SEM GTIN||UN|00|18069000||00||0,00||
|0220|UN|1,000000|
|0200|1|TODDYNHO TRADICIONAL 200ML|SEM GTIN||UN|00|22029900||00||0,00||
|0220|UN|1,000000|
|0200|1|TOMATE|SEM GTIN||KG|00|07020000||00||0,00||
|0220|KG|1,000000|
|0200|1|TOMATE KG|SEM GTIN||KG|00|07020000||00||0,00||
|0220|KG|1,000000|
|0200|1|TONICA ANTARCTICA GELADA 350ML|SEM GTIN||UN|00|22021000||00||0,00||
|0220|UN|1,000000|
|0200|1|TONICA ANTARCTICA LATA 350ML SH C/12 NPAL|7891991002240||cx|00|22021000||00||16,00||
|0220|cx|1,000000|
|0200|1|TONICA ANTARCTICA PET 1 L SH C/06|7891991298520||cx|00|22021000||00||16,00||
|0220|cx|1,000000|
|0200|1|TONICO FORTAL.CABELOS 100ML|SEM GTIN||UN|00|33059000||00||0,00||
|0220|UN|1,000000|
|0200|1|TONICO GOTA DOURADA 100ml BIOTINA|7897158700196||UN|00|33059000||00||37,00||
|0220|UN|1,000000|
|0200|1|TONICO GOTA DOURADA 100ml FORTALECIMENTO|7897158702138||UN|00|33059000||00||37,00||
|0220|UN|1,000000|
|0200|1|TONICO GOTA DOURADA 100ml RICINO|7897158700219||UN|00|33059000||00||37,00||
|0220|UN|1,000000|
|0200|1|TOP PRATIC MULTI USO C/TAMPA 1LT 724|SEM GTIN||UN|00|39249000||00||18,00||
|0220|UN|1,000000|
|0200|1|TOP PRATIC MULTIUSO C/TPA E ALCAS 2,5LT 829|SEM GTIN||UN|00|39249000||00||18,00||
|0220|UN|1,000000|
|0200|1|TOPO CHICO MANGA LATA 310ML CX 06UN|7894900335101||CX|00|22089000||00||37,00||
|0220|CX|1,000000|
|0200|1|TORRA TRAD.ADRIA 142G|SEM GTIN||UN|00|19054000||00||0,00||
|0220|UN|1,000000|
|0200|1|TORRA.ACEB.KI-GOSTOSO 150G|SEM GTIN||UN|00|19054000||00||0,00||
|0220|UN|1,000000|
|0200|1|TORRADA DE ALHO KI-GOSTOSO 150G|SEM GTIN||UN|00|19054000||00||0,00||
|0220|UN|1,000000|
|0200|1|TORRADA EQLIBRI 40G|SEM GTIN||UN|00|19041000||00||0,00||
|0220|UN|1,000000|
|0200|1|TORRADA KG|SEM GTIN||KG|00|07101000||00||0,00||
|0220|KG|1,000000|
|0200|1|TORRADA PIRAQUE TRAD 142G|SEM GTIN||UN|00|19054000||00||0,00||
|0220|UN|1,000000|
|0200|1|TORRADA VISCONTI 120G TRAD|7891962052564||CX32|00|19054000||00||12,00||
|0220|CX32|1,000000|
|0200|1|TORRADA VISCONTI TRAD 120G|SEM GTIN||UN|00|19054000||00||0,00||
|0220|UN|1,000000|
|0200|1|TORRADINHA ACEBOLADA|7896772500205||UND|00|19059090||00||0,00||
|0220|UND|1,000000|
|0200|1|TORRADINHA ALHO|7896772500038||UND|00|19059090||00||0,00||
|0220|UND|1,000000|
|0200|1|TORTEIRA PLAST.TRANSP.C/T 16747|SEM GTIN||UN|00|39241000||00||0,00||
|0220|UN|1,000000|
|0200|1|TORTUGUITA BAUN.15,5G|SEM GTIN||UN|00|18063110||00||0,00||
|0220|UN|1,000000|
|0200|1|TORTUGUITA BRANCA 24X15,5G (12)|7898142865075||DISP|00|18069000||00||18,00||
|0220|DISP|1,000000|
|0200|1|TORTUGUITA BRIGADEIRO 24X15,5G (12)|7898142865099||DISP|00|18069000||00||18,00||
|0220|DISP|1,000000|
|0200|1|TORTUGUITA CHOC.LEITE 15,5G|SEM GTIN||UN|00|18069000||00||0,00||
|0220|UN|1,000000|
|0200|1|TORTUGUITA CHOCROCANTE 24X15,5G (12)|7898142865112||DISP|00|18069000||00||18,00||
|0220|DISP|1,000000|
|0200|1|TORTUGUITA FLOW RECHEADA CHOCO 86G (48)|17896058257189||CX|00|19053100||00||18,00||
|0220|CX|1,000000|
|0200|1|TORTUGUITA FLOW RECHEADA MORANG 86G (48)|17896058257196||CX|00|19053100||00||18,00||
|0220|CX|1,000000|
|0200|1|TORTUGUITA LEITE 24X15,5G (12)|7898142865051||DISP|00|18069000||00||18,00||
|0220|DISP|1,000000|
|0200|1|TRAKINAS CHOCOLATE 126G|SEM GTIN||UN|00|19059090||00||0,00||
|0220|UN|1,000000|
|0200|1|TRAKINAS MORANGO 126G|SEM GTIN||UN|00|19059090||00||0,00||
|0220|UN|1,000000|
|0200|1|TRANZINHO BABY|SEM GTIN||UN|00|95030010||00||18,00||
|0220|UN|1,000000|
|0200|1|TREV KIDS BALL 130G|SEM GTIN||UN|00|04032000||00||18,00||
|0220|UN|1,000000|
|0200|1|TRIDENT MENTA 8G|SEM GTIN||UN|00|21069050||00||18,00||
|0220|UN|1,000000|
|0200|1|TRIDENT SEM ACUCAR 8G|SEM GTIN||UN|00|21069050||00||18,00||
|0220|UN|1,000000|
|0200|1|TRIFAROFA PANCO 250G|7891203067838||UN|00|19019090||00||18,00||
|0220|UN|1,000000|
|0200|1|TRINK GUARANA 25G|SEM GTIN||UN|00|21069010||00||18,00||
|0220|UN|1,000000|
|0200|1|TRIO AVELA E CASTANHA C/CHOC. 20G|SEM GTIN||UN|00|19042000||00||0,00||
|0220|UN|1,000000|
|0200|1|TRIO AVELA E CASTANHA COM CHOCOLATE 20G|7897900317627||DISP|00|19042000||00||18,00||
|0220|DISP|1,000000|
|0200|1|TRIO BANANA AVEIA E MEL 20G|7897900317566||DISP|00|19042000||00||18,00||
|0220|DISP|1,000000|
|0200|1|TRIO BRIGADEIRO 20G|7897900317689||DISP|00|19042000||00||18,00||
|0220|DISP|1,000000|
|0200|1|TRIO COCO COM CHOCOLATE 20G|7897900317665||DISP|00|19042000||00||18,00||
|0220|DISP|1,000000|
|0200|1|TRIO MORANGO C/CHOCOLATE 20G|SEM GTIN||UN|00|19042000||00||0,00||
|0220|UN|1,000000|
|0200|1|TRIO MORANGO COM CHOCOLATE 20G|7897900317641||DISP|00|19042000||00||18,00||
|0220|DISP|1,000000|
|0200|1|TUBES FINI MORANGO 17G|SEM GTIN||UN|00|17049020||00||18,00||
|0220|UN|1,000000|
|0200|1|TUBES MORANGO 6DP X 24TB X 27G|7908228801641||DP|00|17049020||00||18,00||
|0220|DP|1,000000|
|0200|1|TUBES TWISTER 6DP X 24TB X 27G|7908228801689||DP|00|17049020||00||18,00||
|0220|DP|1,000000|
|0200|1|UAU PERFUMES CARINHO 500ML|SEM GTIN||UN|00|34025000||00||0,00||
|0220|UN|1,000000|
|0200|1|UNHAS POSTICAS LAMO C/24|SEM GTIN||UN|00|39269090||00||18,00||
|0220|UN|1,000000|
|0200|1|UVA FLEXA 2000ML/06 UN PET DESC|17896579420246||CX|00|22021000||00||16,00||
|0220|CX|1,000000|
|0200|1|UVA PASSAS KG|SEM GTIN||KG|00|08062000||00||0,00||
|0220|KG|1,000000|
|0200|1|Uva Passa La Violetera SSem..10kg|7891089063900||CX1|00|08062000||00||4,00||
|0220|CX1|1,000000|
|0200|1|V NAC SAINT GERMAIN BLANC DE BLANCS 750M|7891141000621||GF|00|22042100||00||37,00||
|0220|GF|1,000000|
|0200|1|V-AZEIT VDE TIO PACO RECH D.PACK 24/80|7898174853316||CX|00|20057000||00||18,00||
|0220|CX|1,000000|
|0200|1|VARAL DE PLASTICO RED.C/13 PREND.CK1320/4144|SEM GTIN||UN|00|39249000||00||18,00||
|0220|UN|1,000000|
|0200|1|VASO MADEIRA VIOLETA REDONDO 438|SEM GTIN||UN|00|39249000||00||18,00||
|0220|UN|1,000000|
|0200|1|VASSOURA CHAPA 0|2510000050007||UN|00|96039000||00||0,00||
|0220|UN|1,000000|
|0200|1|VASSOURA CHAPA 00|2510000040008||UN|00|96039000||00||0,00||
|0220|UN|1,000000|
|0200|1|VASSOURA CHAPA 2|2510000150004||UN|00|96039000||00||0,00||
|0220|UN|1,000000|
|0200|1|VASSOURA CHAPA 3|2510000140005||UN|00|96039000||00||0,00||
|0220|UN|1,000000|
|0200|1|VASSOURA IDEAL VERMELA|SEM GTIN||UN|00|96031000||00||18,00||
|0220|UN|1,000000|
|0200|1|VASSOURA PIA COMUM|2510000190000||UN|00|96039000||00||0,00||
|0220|UN|1,000000|
|0200|1|VASSOURA POP EXTRA|SEM GTIN||UN|00|96031000||00||18,00||
|0220|UN|1,000000|
|0200|1|VASSOURA VISG N3|SEM GTIN||UN|00|96031000||00||18,00||
|0220|UN|1,000000|
|0200|1|VASSOURA VOU VARRENDO|SEM GTIN||UN|00|96031000||00||18,00||
|0220|UN|1,000000|
|0200|1|VEJA CAMPESTRE 500ML|SEM GTIN||UN|00|34025000||00||0,00||
|0220|UN|1,000000|
|0200|1|VEJA MULTI-USO CAMP 500ML|SEM GTIN||UN|00|34025000||00||0,00||
|0220|UN|1,000000|
|0200|1|VEJA MULTIUSO|SEM GTIN||UN|00|34012090||00||0,00||
|0220|UN|1,000000|
|0200|1|VEJA MULTIUSO|SEM GTIN||UN|00|34025000||00||0,00||
|0220|UN|1,000000|
|0200|1|VEJA MULTIUSO 500ML|7891035285042||UN|00|34025000||00||0,00||
|0220|UN|1,000000|
|0200|1|VELA "ILUM.MUNDO" VOTIVA 7 DIAS/FINA (20)|7896628550187||UN|00|34060000||00||18,00||
|0220|UN|1,000000|
|0200|1|VELA ANIV. CARETA N8|SEM GTIN||UN|00|34060000||00||18,00||
|0220|UN|1,000000|
|0200|1|VELA ANIV. INTERROG.|SEM GTIN||UN|00|34060000||00||18,00||
|0220|UN|1,000000|
|0200|1|VELA ANIV.AZ N.01|SEM GTIN||UN|00|34060000||00||18,00||
|0220|UN|1,000000|
|0200|1|VELA ANIV.AZ N.02|SEM GTIN||UN|00|34060000||00||18,00||
|0220|UN|1,000000|
|0200|1|VELA ANIV.AZ N.03|SEM GTIN||UN|00|34060000||00||18,00||
|0220|UN|1,000000|
|0200|1|VELA ANIV.AZ N.04|SEM GTIN||UN|00|34060000||00||18,00||
|0220|UN|1,000000|
|0200|1|VELA ANIV.AZ N.05|SEM GTIN||UN|00|34060000||00||18,00||
|0220|UN|1,000000|
|0200|1|VELA ANIV.AZ N.09|SEM GTIN||UN|00|34060000||00||18,00||
|0220|UN|1,000000|
|0200|1|VELA ANIV.CURIFEST|SEM GTIN||UN|00|34060000||00||18,00||
|0220|UN|1,000000|
|0200|1|VELA ANIV.RS N.02|SEM GTIN||UN|00|34060000||00||18,00||
|0220|UN|1,000000|
|0200|1|VELA ANIV.RS N.03|SEM GTIN||UN|00|34060000||00||18,00||
|0220|UN|1,000000|
|0200|1|VELA ANIVE. CURIFEST|SEM GTIN||UN|00|34060000||00||18,00||
|0220|UN|1,000000|
|0200|1|VELA ANIVERSARIO PALITO ESTRELA DE PRATA 04UN|SEM GTIN||CT|00|34060000||00||18,00||
|0220|CT|1,000000|
|0200|1|VELA DE ANIV.VULCAO CHAMA COLORIDA|SEM GTIN||UN|00|36041000||00||18,00||
|0220|UN|1,000000|
|0200|1|VELA DE ANIVER UN|SEM GTIN||UN|00|34060000||00||18,00||
|0220|UN|1,000000|
|0200|1|VELA DE ANIVERSARIO VULCAO CHAMA COLORIDA 6804|SEM GTIN||UN|00|36041000||00||18,00||
|0220|UN|1,000000|
|0200|1|VELA FIAT LUX N.5 24X8X17GR|7896007921812||CXA|00|34060000||00||4,00||
|0220|CXA|1,000000|
|0200|1|VELA FIAT LUX N.7 24X8X28GR|7896007921911||CXA|00|34060000||00||4,00||
|0220|CXA|1,000000|
|0200|1|VELA FIAT LUX N7 C/8|SEM GTIN||UN|00|34060000||00||18,00||
|0220|UN|1,000000|
|0200|1|VELA GLITER AZUL NUMERO 0|SEM GTIN||UN|00|34060000||00||18,00||
|0220|UN|1,000000|
|0200|1|VELA GLITER AZUL NUMERO 4|SEM GTIN||UN|00|34060000||00||18,00||
|0220|UN|1,000000|
|0200|1|VELA GLITER AZUL NUMERO 7|SEM GTIN||UN|00|34060000||00||18,00||
|0220|UN|1,000000|
|0200|1|VELA GLITER BRANCA NUMERO 4|SEM GTIN||UN|00|34060000||00||18,00||
|0220|UN|1,000000|
|0200|1|VELA GLITER BRANCA NUMERO 5|SEM GTIN||UN|00|34060000||00||18,00||
|0220|UN|1,000000|
|0200|1|VELA GLITER BRANCA NUMERO 6|SEM GTIN||UN|00|34060000||00||18,00||
|0220|UN|1,000000|
|0200|1|VELA GLITER ROSA NUMERO 1|SEM GTIN||UN|00|34060000||00||18,00||
|0220|UN|1,000000|
|0200|1|VELA GLITER ROSA NUMERO 4|SEM GTIN||UN|00|34060000||00||18,00||
|0220|UN|1,000000|
|0200|1|VELA GLITER ROSA NUMERO 5|SEM GTIN||UN|00|34060000||00||18,00||
|0220|UN|1,000000|
|0200|1|VELA STANDART BR.N 6|SEM GTIN||UN|00|34060000||00||18,00||
|0220|UN|1,000000|
|0200|1|VELA STANDART BR.N9|SEM GTIN||UN|00|34060000||00||18,00||
|0220|UN|1,000000|
|0200|1|VELA VOTIVA GROSSA MUNDI|SEM GTIN||UN|00|34060000||00||18,00||
|0220|UN|1,000000|
|0200|1|VELA VOTIVA ILUM.MUNDO 180G|SEM GTIN||UN|00|34060000||00||18,00||
|0220|UN|1,000000|
|0200|1|VELAS N5 FIAT LUX C/8|SEM GTIN||UN|00|34060000||00||18,00||
|0220|UN|1,000000|
|0200|1|VERDURAS UN|SEM GTIN||UN|00|07019000||00||0,00||
|0220|UN|1,000000|
|0200|1|VINAG PEIX BRANC 750ML|SEM GTIN||UN|00|22090000||00||18,00||
|0220|UN|1,000000|
|0200|1|VINAGRE|SEM GTIN||UN|00|22090000||00||0,00||
|0220|UN|1,000000|
|0200|1|VINAGRE|SEM GTIN||UN|00|22090000||00||18,00||
|0220|UN|1,000000|
|0200|1|VINAGRE DE ALCOOL PEIXE 750ML|7896089321074||UN|00|22090000||00||18,00||
|0220|UN|1,000000|
|0200|1|VINAGRE DE ALCOOL PEIXE 750ML|SEM GTIN||UN|00|22090000||00||18,00||
|0220|UN|1,000000|
|0200|1|VINAGRE DE ARROZ TOSCANO 750ML|SEM GTIN||UN|00|22090000||00||18,00||
|0220|UN|1,000000|
|0200|1|VINAGRE DE MACA PEIXE 750ML|SEM GTIN||UN|00|22090000||00||18,00||
|0220|UN|1,000000|
|0200|1|VINAGRE PEIXE ALCOOL COLORIDO 12/750 ML|37896089322041||pc|00|22090000||00||18,00||
|0220|pc|1,000000|
|0200|1|VINAGRE PEIXE DE ALCOOL 12/750 ML|37896089321075||pc|00|22090000||00||18,00||
|0220|pc|1,000000|
|0200|1|VINAGRE TOSCANO COL. 750ML|SEM GTIN||UN|00|22090000||00||18,00||
|0220|UN|1,000000|
|0200|1|VINHO CANTINA DA SERRA 1,5LT|SEM GTIN||UN|00|22042100||00||37,00||
|0220|UN|1,000000|
|0200|1|VINHO DOM BOSCO TINTO 750ML|SEM GTIN||UN|00|22042100||00||37,00||
|0220|UN|1,000000|
|0200|1|VINHO GALLIOTO SUAV 1LT|SEM GTIN||UN|00|22042100||00||37,00||
|0220|UN|1,000000|
|0200|1|VINHO NAC. SAINT GERMAIN BLANC 750ML|7891141000621||UN|00|22042100||00||37,00||
|0220|UN|1,000000|
|0200|1|VINHO PERGOLA TT SUAVE 1LT|SEM GTIN||UN|00|22042100||00||37,00||
|0220|UN|1,000000|
|0200|1|VINHO PINHEIRENSE 1,5LT|SEM GTIN||UN|00|22042100||00||37,00||
|0220|UN|1,000000|
|0200|1|VINHO PINHEIRENSE 2LT|SEM GTIN||UN|00|22042100||00||37,00||
|0220|UN|1,000000|
|0200|1|VINHO PINHEIRENSE 870ML|SEM GTIN||UN|00|22042100||00||37,00||
|0220|UN|1,000000|
|0200|1|VINHO SUAV.MONTE CARMO 2L|SEM GTIN||UN|00|22042100||00||37,00||
|0220|UN|1,000000|
|0200|1|VITAMBE MAMAO 180G|SEM GTIN||UN|00|04032000||00||18,00||
|0220|UN|1,000000|
|0200|1|VITAMBE MORANGO 180G|SEM GTIN||UN|00|04032000||00||18,00||
|0220|UN|1,000000|
|0200|1|VODKA LEONOFF 900ML|SEM GTIN||UN|00|22086000||00||37,00||
|0220|UN|1,000000|
|0200|1|VODKA RUSTOFF FRUTAS ROXAS 970ML|SEM GTIN||UN|00|22086000||00||37,00||
|0220|UN|1,000000|
|0200|1|Veja Multi-Uso 10 PC Desc..500ml|17891035800211||CX24|00|34025000||00||12,00||
|0220|CX24|1,000000|
|0200|1|W BAUD CHOC AVEL 140G|SEM GTIN||UN|00|19053200||00||0,00||
|0220|UN|1,000000|
|0200|1|W VISCONTI CHOC 120G|SEM GTIN||UN|00|19053200||00||0,00||
|0220|UN|1,000000|
|0200|1|W VISCONTI MORAN 120G|SEM GTIN||UN|00|19053200||00||0,00||
|0220|UN|1,000000|
|0200|1|WAFER CHOC. PANCO 140G|SEM GTIN||UN|00|19053200||00||0,00||
|0220|UN|1,000000|
|0200|1|WAFER GOLD BLACK PANCO 140G|SEM GTIN||UN|00|19053200||00||0,00||
|0220|UN|1,000000|
|0200|1|WAFER LIMAO PANCO 140G|SEM GTIN||UN|00|19053200||00||0,00||
|0220|UN|1,000000|
|0200|1|WAFER MORANGO PANCO 140G|SEM GTIN||UN|00|19053200||00||0,00||
|0220|UN|1,000000|
|0200|1|WAFER PANCO G.BLACK 140G|SEM GTIN||UN|00|19053200||00||0,00||
|0220|UN|1,000000|
|0200|1|WAFER PIRAQUE BRIG.100G|SEM GTIN||UN|00|19053200||00||0,00||
|0220|UN|1,000000|
|0200|1|WAFER PIRAQUE CHOCOWAFER 100,8G|SEM GTIN||UN|00|19053200||00||0,00||
|0220|UN|1,000000|
|0200|1|WAFER PIRAQUE MORANGO 100G|SEM GTIN||UN|00|19053200||00||0,00||
|0220|UN|1,000000|
|0200|1|WAFER TRENTO BITES 40G|SEM GTIN||UN|00|19053200||00||0,00||
|0220|UN|1,000000|
|0200|1|WAFER TUBIN AVELA 48G|SEM GTIN||UN|00|19053200||00||0,00||
|0220|UN|1,000000|
|0200|1|WAFER TUBIN CHOC.48G|SEM GTIN||UN|00|19053200||00||0,00||
|0220|UN|1,000000|
|0200|1|WAFER TUBIN TRUFAS 48G|SEM GTIN||UN|00|19053200||00||0,00||
|0220|UN|1,000000|
|0200|1|WAFFER CHOC BAUDUCCO 140G|SEM GTIN||UN|00|19053200||00||0,00||
|0220|UN|1,000000|
|0200|1|WHISKAS CARNE L10,1 P9KG BONUS BAG|7896029092491||SACO|00|23099010||00||18,00||
|0220|SACO|1,000000|
|0200|1|WHISKAS CARNE SH 85G|SEM GTIN||UN|00|23099010||00||0,00||
|0220|UN|1,000000|
|0200|1|WHISKAS FRANGO AO MOLHO 85G|SEM GTIN||UN|00|23099010||00||0,00||
|0220|UN|1,000000|
|0200|1|WHISKAS PEIXE 10 KG|7896029007259||SACO|00|23099010||00||18,00||
|0220|SACO|1,000000|
|0200|1|WHISKAS SALMAO SACHET 85G|SEM GTIN||KG|00|23099010||00||0,00||
|0220|KG|1,000000|
|0200|1|X-PATROL MILK|SEM GTIN||UN|00|95030022||00||18,00||
|0220|UN|1,000000|
|0200|1|XAROPE DE GUAR.NOTAVEL 1LT|SEM GTIN||UN|00|21069010||00||18,00||
|0220|UN|1,000000|
|0200|1|XAROPE DE GUARANA BELA ISCHIA 1L|7898063767038||UN|00|21069010||00||18,00||
|0220|UN|1,000000|
|0200|1|XAROPE GUARANA 1L - FD6|SEM GTIN||FD|00|21069010||00||18,00||
|0220|FD|1,000000|
|0200|1|XAROPE GUARANA CRAC 1L|SEM GTIN||UN|00|21069010||00||18,00||
|0220|UN|1,000000|
|0200|1|XAROPE NOTAVEL GUARANA|7896588703388||UN|00|21069010||00||18,00||
|0220|UN|1,000000|
|0200|1|XICARA PORC.CAFE C/PIRES 75ML HOTEL BCA 03P/P|SEM GTIN||UN|00|69111090||00||0,00||
|0220|UN|1,000000|
|0200|1|XICARA PORC.CHA C/PIRES 175ML HOTEL BCA 13P/P|SEM GTIN||UN|00|69111090||00||0,00||
|0220|UN|1,000000|
|0200|1|YAKISSOBA NISSIN 87G|SEM GTIN||UN|00|19023000||00||0,00||
|0220|UN|1,000000|
|0300|000001|1|DESCRIÇÃO DO ITEM||1|10|
|0305|1|BREVE DESCRIÇÃO DA FUNÇÃO DO IMOBILIZADO 000001|60|
|0400|1|5102 Venda|
|0400|2|6102-VENDA DE MERCADORIA ADQ DE TERCEIROS/|
|0400|3|BONIFICACAO|
|0400|4|Bonificacao/Brinde/Doacao|
|0400|5|Remessa em bonificacao, doacao ou brinde|
|0400|6|Remessa em bonificaÃ§Ã£o, doaÃ§Ã£o ou brinde|
|0400|7|VDA.MERC.SUJEITA AO REG.DE ST / VD.MERC.SUJEITA AO REG.DE S|
|0400|8|VDAS MERC.ADQ/REC.TERC-SUB.TRB|
|0400|9|VEN. COME.|
|0400|10|VENDA|
|0400|11|VENDA A PRAZO|
|0400|12|VENDA C/ SUBST. TRIBUTARIA|
|0400|13|VENDA COM SUBST.TRIB.CONTRIB.SUBSTITUIDO|
|0400|14|VENDA DE MERC ADQ DE TERC SUJ AO REG DE SUBST TRIB|
|0400|15|VENDA DE MERC. ADQ/REC DE TERCEIROS S. T. COND. CONTR. SUBST|
|0400|16|VENDA DE MERC. ADQUIRIDA OU RECEBIDA DE TERCEIROS|
|0400|17|VENDA DE MERCAD.ADQUI.TERCEIRO|
|0400|18|VENDA DE MERCAD.ADQUIRIDA OU RECEBIDA DE TERCEIROS|
|0400|19|VENDA DE MERCADORIA|
|0400|20|VENDA DE MERCADORIA ADQUIRIDA OU RECEBIDA DE TERCEIRO|
|0400|21|VENDA DE MERCADORIA ADQUIRIDA OU RECEBIDA DE TERCEIROS|
|0400|22|VENDA DE MERCADORIA ADQUIRIDA OU RECEBIDA DE TERCEIROS NO ES|
|0400|23|VENDA DE MERCADORIAS|
|0400|24|VENDA DE MERCADORIAS PARA DENTRO DO ESTADO|
|0400|25|VENDA DE MERCADORIAS SUJEITA AO REGIME DE S.T. - SUBSTITUIDO|
|0400|26|VENDA DE MERCADORIAS SUJEITA AO REGIME DE S.T.-SUBSTITUTO|
|0400|27|VENDA DE PROD. DO ESTABELECIMENTO|
|0400|28|VENDA DE PRODUCAO|
|0400|29|VENDA DE PRODUCAO DO ESTABELECIMENTO|
|0400|30|VENDA DE PRODUCAO ESTABELECIMENTO|
|0400|31|VENDA DE PRODUTOS|
|0400|32|VENDA DE PRODUTOS/BONIFICACAO|
|0400|33|VENDA FORA ESTADO|
|0400|34|VENDA MERC ADQ DE TERCEIROS|
|0400|35|VENDA MERC. ADQ. OU REC. TERC.|
|0400|36|VENDA PRODUCAO DO ESTABELECIMENTO|
|0400|37|VENDA PRODUCAO ESTAB. C/ OPERACAO SUJEITO SUBST.TRIBUT.|
|0400|38|VENDAS|
|0400|39|VENDAS CONSUMIDOR FINAL|
|0400|40|VENDAS MATRIZ|
|0400|41|VENDAS MERC AD DE TERCEIROS|
|0400|42|VND COMERCIALIZACAO|
|0400|43|Vda merc adq ou rec terceiros|
|0400|44|Vend. de merc. adq. ou recebida de tercei.|
|0400|45|Vend. de merc. sujeita ao regime de S.T.-Substituto|
|0400|46|Venda|
|0400|47|Venda Merc.Adq.Terc.|
|0400|48|Venda Producao Estabelecimento|
|0400|49|Venda a vista|
|0400|50|Venda de mercadoria adquirida ou recebida de terceiros|
|0400|51|Venda de mercadorias adquirida de terceiros|
|0400|52|Venda de producao do estabelecimento|
|0400|53|Venda de producao do estabelecimento.|
|0400|54|Venda de producao propria|
|0400|55|Venda de produÃ§Ã£o do estabelecimento|
|0400|56|Venda merc adq ou receb tercei|
|0400|57|Venda merc adq/rec terceiros|
|0400|58|Venda merc.adq.receb.de terceiros|
|0400|59|Venda merc.adq.receb.de terceiros /  Vnd mer.adq.rec.ter.op.|
|0400|60|Venda merc.adq.receb.de terceiros / Vnd mer.adq.rec.ter.op.|
|0400|61|Venda merc.adq.receb.de terceiros Vnd mer.adq.rec.ter.op.m|
|0400|62|Venda producao do estabelecimento|
|0400|63|Venda produÃ§Ã£o do estabelecimento|
|0400|64|Vendas Torrefacao - VENDAS TORREFACAO|
|0400|65|Vnd mer.adq.rec.ter.op.mer.sj.rg.sub.trb.cnd.sub.t|
|0400|66|Vnd mer.adq.rec.ter.op.mer.sj.rg.sub.trb.cnd.sub.t /  Venda|
|0400|67|Vnd mer.adq.rec.ter.op.mer.sj.rg.sub.trb.cnd.sub.t / Venda|
|0400|68|trocas/ outras saidas|
|0400|69|Devolucao de compra para comercializacao|
|0400|70|Venda de Mercadoria|
|0450|000001|INFORMAÇÃO COMPLEMENTAR DO DOCUMENTO FISCAL|
|0460|000001|TEXTO DE OBSERVAÇÃO DO DOCUMENTO FISCAL|
|0500|10102022|01|A|1|1|CONTA CONTÁBIL 1|
|0500|10102022|01|A|1|2|CONTA CONTÁBIL 2|
|0500|10102022|01|A|1|3|CONTA CONTÁBIL 3|
|0500|10102022|01|A|1|4|CONTA CONTÁBIL 4|
|0500|10102022|01|A|1|5|CONTA CONTÁBIL 5|
|0500|10102022|01|A|1|6|CONTA CONTÁBIL 6|
|0500|10102022|01|A|1|7|CONTA CONTÁBIL 7|
|0500|10102022|01|A|1|8|CONTA CONTÁBIL 8|
|0500|10102022|01|A|1|9|CONTA CONTÁBIL 9|
|0500|10102022|01|A|1|10|CONTA CONTÁBIL 10|
|0600|10102022|1|CENTRO DE CUSTOS 1|
|0600|10102022|2|CENTRO DE CUSTOS 2|
|0600|10102022|3|CENTRO DE CUSTOS 3|
|0600|10102022|4|CENTRO DE CUSTOS 4|
|0600|10102022|5|CENTRO DE CUSTOS 5|
|0600|10102022|6|CENTRO DE CUSTOS 6|
|0600|10102022|7|CENTRO DE CUSTOS 7|
|0600|10102022|8|CENTRO DE CUSTOS 8|
|0600|10102022|9|CENTRO DE CUSTOS 9|
|0600|10102022|10|CENTRO DE CUSTOS 10|
|0990|5975|
|B001|1|
|B990|2|
|C001|1|
|C990|2|
|D001|1|
|D990|2|
|E001|1|
|E990|2|
|G001|1|
|G990|2|
|H001|1|
|H990|2|
|K001|1|
|K990|2|
|1001|1|
|1990|2|
|9001|0|
|9900|0000|1|
|9900|0001|1|
|9900|0005|1|
|9900|0100|1|
|9900|0150|97|
|9900|0190|51|
|9900|0200|2864|
|9900|0220|2864|
|9900|0300|1|
|9900|0305|1|
|9900|0400|70|
|9900|0450|1|
|9900|0460|1|
|9900|0500|10|
|9900|0600|10|
|9900|0990|1|
|9900|B001|1|
|9900|B990|1|
|9900|C001|1|
|9900|C990|1|
|9900|D001|1|
|9900|D990|1|
|9900|E001|1|
|9900|E990|1|
|9900|G001|1|
|9900|G990|1|
|9900|H001|1|
|9900|H990|1|
|9900|K001|1|
|9900|K990|1|
|9900|1001|1|
|9900|1990|1|
|9900|9001|1|
|9900|9900|36|
|9900|9990|1|
|9900|9999|1|
|9990|39|
|9999|6030|
